--- request header ---
GET /ws/btcusdt@trade HTTP/1.1
Upgrade: websocket
Host: stream.binance.com:9443
Origin: https://stream.binance.com:9443
Sec-WebSocket-Key: LYH/Vk20bhrlTrq4VBmpRw==
Sec-WebSocket-Version: 13
Connection: Upgrade


-----------------------
--- response header ---
HTTP/1.1 101 Switching Protocols
Date: Thu, 19 Dec 2024 22:32:39 GMT
Connection: upgrade
Upgrade: websocket
Sec-WebSocket-Accept: csLdOCqNBRAEsgdiYxvFsxa7+to=
-----------------------
Websocket connected
WebSocket connection opened
++Rcv raw: b'\x81~\x00\x87{"e":"trade","E":1734647559106,"s":"BTCUSDT","t":4307326703,"p":"97471.36000000","q":"0.00048000","T":1734647559106,"m":false,"M":true}'
++Rcv decoded: fin=1 opcode=1 data=b'{"e":"trade","E":1734647559106,"s":"BTCUSDT","t":4307326703,"p":"97471.36000000","q":"0.00048000","T":1734647559106,"m":false,"M":true}'
++Rcv raw: b'\x81~\x00\x87{"e":"trade","E":1734647559367,"s":"BTCUSDT","t":4307326704,"p":"97471.36000000","q":"0.11174000","T":1734647559366,"m":false,"M":true}'
++Rcv decoded: fin=1 opcode=1 data=b'{"e":"trade","E":1734647559367,"s":"BTCUSDT","t":4307326704,"p":"97471.36000000","q":"0.11174000","T":1734647559366,"m":false,"M":true}'
++Rcv raw: b'\x81~\x00\x87{"e":"trade","E":1734647559367,"s":"BTCUSDT","t":4307326705,"p":"97471.36000000","q":"0.06275000","T":1734647559366,"m":false,"M":true}'
++Rcv decoded: fin=1 opcode=1 data=b'{"e":"trade","E":1734647559367,"s":"BTCUSDT","t":4307326705,"p":"97471.36000000","q":"0.06275000","T":1734647559366,"m":false,"M":true}'
++Rcv raw: b'\x81~\x00\x87{"e":"trade","E":1734647559367,"s":"BTCUSDT","t":4307326706,"p":"97471.38000000","q":"0.00006000","T":1734647559366,"m":false,"M":true}'
++Rcv decoded: fin=1 opcode=1 data=b'{"e":"trade","E":1734647559367,"s":"BTCUSDT","t":4307326706,"p":"97471.38000000","q":"0.00006000","T":1734647559366,"m":false,"M":true}'
++Rcv raw: b'\x81~\x00\x87{"e":"trade","E":1734647559367,"s":"BTCUSDT","t":4307326707,"p":"97471.38000000","q":"0.00006000","T":1734647559366,"m":false,"M":true}'
++Rcv decoded: fin=1 opcode=1 data=b'{"e":"trade","E":1734647559367,"s":"BTCUSDT","t":4307326707,"p":"97471.38000000","q":"0.00006000","T":1734647559366,"m":false,"M":true}'
++Rcv raw: b'\x81~\x00\x87{"e":"trade","E":1734647559367,"s":"BTCUSDT","t":4307326708,"p":"97471.38000000","q":"0.00006000","T":1734647559366,"m":false,"M":true}'
++Rcv decoded: fin=1 opcode=1 data=b'{"e":"trade","E":1734647559367,"s":"BTCUSDT","t":4307326708,"p":"97471.38000000","q":"0.00006000","T":1734647559366,"m":false,"M":true}'
++Rcv raw: b'\x81~\x00\x87{"e":"trade","E":1734647559367,"s":"BTCUSDT","t":4307326709,"p":"97471.38000000","q":"0.00006000","T":1734647559366,"m":false,"M":true}'
++Rcv decoded: fin=1 opcode=1 data=b'{"e":"trade","E":1734647559367,"s":"BTCUSDT","t":4307326709,"p":"97471.38000000","q":"0.00006000","T":1734647559366,"m":false,"M":true}'
++Rcv raw: b'\x81~\x00\x87{"e":"trade","E":1734647559367,"s":"BTCUSDT","t":4307326710,"p":"97471.38000000","q":"0.00006000","T":1734647559366,"m":false,"M":true}'
++Rcv decoded: fin=1 opcode=1 data=b'{"e":"trade","E":1734647559367,"s":"BTCUSDT","t":4307326710,"p":"97471.38000000","q":"0.00006000","T":1734647559366,"m":false,"M":true}'
++Rcv raw: b'\x81~\x00\x87{"e":"trade","E":1734647559367,"s":"BTCUSDT","t":4307326711,"p":"97471.38000000","q":"0.00006000","T":1734647559366,"m":false,"M":true}'
++Rcv decoded: fin=1 opcode=1 data=b'{"e":"trade","E":1734647559367,"s":"BTCUSDT","t":4307326711,"p":"97471.38000000","q":"0.00006000","T":1734647559366,"m":false,"M":true}'
++Rcv raw: b'\x81~\x00\x87{"e":"trade","E":1734647559367,"s":"BTCUSDT","t":4307326712,"p":"97471.38000000","q":"0.00006000","T":1734647559366,"m":false,"M":true}'
++Rcv decoded: fin=1 opcode=1 data=b'{"e":"trade","E":1734647559367,"s":"BTCUSDT","t":4307326712,"p":"97471.38000000","q":"0.00006000","T":1734647559366,"m":false,"M":true}'
++Rcv raw: b'\x81~\x00\x87{"e":"trade","E":1734647559367,"s":"BTCUSDT","t":4307326713,"p":"97471.38000000","q":"0.00006000","T":1734647559366,"m":false,"M":true}'
++Rcv decoded: fin=1 opcode=1 data=b'{"e":"trade","E":1734647559367,"s":"BTCUSDT","t":4307326713,"p":"97471.38000000","q":"0.00006000","T":1734647559366,"m":false,"M":true}'
++Rcv raw: b'\x81~\x00\x87{"e":"trade","E":1734647559367,"s":"BTCUSDT","t":4307326714,"p":"97471.38000000","q":"0.00006000","T":1734647559366,"m":false,"M":true}'
++Rcv decoded: fin=1 opcode=1 data=b'{"e":"trade","E":1734647559367,"s":"BTCUSDT","t":4307326714,"p":"97471.38000000","q":"0.00006000","T":1734647559366,"m":false,"M":true}'
++Rcv raw: b'\x81~\x00\x87{"e":"trade","E":1734647559367,"s":"BTCUSDT","t":4307326715,"p":"97471.38000000","q":"0.00006000","T":1734647559366,"m":false,"M":true}'
++Rcv decoded: fin=1 opcode=1 data=b'{"e":"trade","E":1734647559367,"s":"BTCUSDT","t":4307326715,"p":"97471.38000000","q":"0.00006000","T":1734647559366,"m":false,"M":true}'
++Rcv raw: b'\x81~\x00\x87{"e":"trade","E":1734647559367,"s":"BTCUSDT","t":4307326716,"p":"97471.54000000","q":"0.00011000","T":1734647559366,"m":false,"M":true}'
++Rcv decoded: fin=1 opcode=1 data=b'{"e":"trade","E":1734647559367,"s":"BTCUSDT","t":4307326716,"p":"97471.54000000","q":"0.00011000","T":1734647559366,"m":false,"M":true}'
++Rcv raw: b'\x81~\x00\x87{"e":"trade","E":1734647559367,"s":"BTCUSDT","t":4307326717,"p":"97471.71000000","q":"0.00008000","T":1734647559366,"m":false,"M":true}'
++Rcv decoded: fin=1 opcode=1 data=b'{"e":"trade","E":1734647559367,"s":"BTCUSDT","t":4307326717,"p":"97471.71000000","q":"0.00008000","T":1734647559366,"m":false,"M":true}'
++Rcv raw: b'\x81~\x00\x87{"e":"trade","E":1734647559367,"s":"BTCUSDT","t":4307326718,"p":"97471.71000000","q":"0.00008000","T":1734647559366,"m":false,"M":true}'
++Rcv decoded: fin=1 opcode=1 data=b'{"e":"trade","E":1734647559367,"s":"BTCUSDT","t":4307326718,"p":"97471.71000000","q":"0.00008000","T":1734647559366,"m":false,"M":true}'
++Rcv raw: b'\x81~\x00\x87{"e":"trade","E":1734647559367,"s":"BTCUSDT","t":4307326719,"p":"97471.71000000","q":"0.00008000","T":1734647559366,"m":false,"M":true}'
++Rcv decoded: fin=1 opcode=1 data=b'{"e":"trade","E":1734647559367,"s":"BTCUSDT","t":4307326719,"p":"97471.71000000","q":"0.00008000","T":1734647559366,"m":false,"M":true}'
++Rcv raw: b'\x81~\x00\x87{"e":"trade","E":1734647559367,"s":"BTCUSDT","t":4307326720,"p":"97471.71000000","q":"0.00008000","T":1734647559366,"m":false,"M":true}'
++Rcv decoded: fin=1 opcode=1 data=b'{"e":"trade","E":1734647559367,"s":"BTCUSDT","t":4307326720,"p":"97471.71000000","q":"0.00008000","T":1734647559366,"m":false,"M":true}'
++Rcv raw: b'\x81~\x00\x87{"e":"trade","E":1734647559367,"s":"BTCUSDT","t":4307326721,"p":"97471.71000000","q":"0.00008000","T":1734647559366,"m":false,"M":true}'
++Rcv decoded: fin=1 opcode=1 data=b'{"e":"trade","E":1734647559367,"s":"BTCUSDT","t":4307326721,"p":"97471.71000000","q":"0.00008000","T":1734647559366,"m":false,"M":true}'
++Rcv raw: b'\x81~\x00\x87{"e":"trade","E":1734647559367,"s":"BTCUSDT","t":4307326722,"p":"97471.71000000","q":"0.00008000","T":1734647559366,"m":false,"M":true}'
++Rcv decoded: fin=1 opcode=1 data=b'{"e":"trade","E":1734647559367,"s":"BTCUSDT","t":4307326722,"p":"97471.71000000","q":"0.00008000","T":1734647559366,"m":false,"M":true}'
++Rcv raw: b'\x81~\x00\x87{"e":"trade","E":1734647559367,"s":"BTCUSDT","t":4307326723,"p":"97471.71000000","q":"0.00008000","T":1734647559366,"m":false,"M":true}'
++Rcv decoded: fin=1 opcode=1 data=b'{"e":"trade","E":1734647559367,"s":"BTCUSDT","t":4307326723,"p":"97471.71000000","q":"0.00008000","T":1734647559366,"m":false,"M":true}'
++Rcv raw: b'\x81~\x00\x87{"e":"trade","E":1734647559367,"s":"BTCUSDT","t":4307326724,"p":"97471.71000000","q":"0.00008000","T":1734647559366,"m":false,"M":true}'
++Rcv decoded: fin=1 opcode=1 data=b'{"e":"trade","E":1734647559367,"s":"BTCUSDT","t":4307326724,"p":"97471.71000000","q":"0.00008000","T":1734647559366,"m":false,"M":true}'
++Rcv raw: b'\x81~\x00\x87{"e":"trade","E":1734647559367,"s":"BTCUSDT","t":4307326725,"p":"97471.71000000","q":"0.00008000","T":1734647559366,"m":false,"M":true}'
++Rcv decoded: fin=1 opcode=1 data=b'{"e":"trade","E":1734647559367,"s":"BTCUSDT","t":4307326725,"p":"97471.71000000","q":"0.00008000","T":1734647559366,"m":false,"M":true}'
++Rcv raw: b'\x81~\x00\x87{"e":"trade","E":1734647559367,"s":"BTCUSDT","t":4307326726,"p":"97471.71000000","q":"0.00008000","T":1734647559366,"m":false,"M":true}'
++Rcv decoded: fin=1 opcode=1 data=b'{"e":"trade","E":1734647559367,"s":"BTCUSDT","t":4307326726,"p":"97471.71000000","q":"0.00008000","T":1734647559366,"m":false,"M":true}'
++Rcv raw: b'\x81~\x00\x87{"e":"trade","E":1734647559367,"s":"BTCUSDT","t":4307326727,"p":"97471.72000000","q":"0.02000000","T":1734647559366,"m":false,"M":true}'
++Rcv decoded: fin=1 opcode=1 data=b'{"e":"trade","E":1734647559367,"s":"BTCUSDT","t":4307326727,"p":"97471.72000000","q":"0.02000000","T":1734647559366,"m":false,"M":true}'
++Rcv raw: b'\x81~\x00\x87{"e":"trade","E":1734647559367,"s":"BTCUSDT","t":4307326728,"p":"97472.00000000","q":"0.00010000","T":1734647559366,"m":false,"M":true}'
++Rcv decoded: fin=1 opcode=1 data=b'{"e":"trade","E":1734647559367,"s":"BTCUSDT","t":4307326728,"p":"97472.00000000","q":"0.00010000","T":1734647559366,"m":false,"M":true}'
++Rcv raw: b'\x81~\x00\x87{"e":"trade","E":1734647559367,"s":"BTCUSDT","t":4307326729,"p":"97472.51000000","q":"0.00008000","T":1734647559366,"m":false,"M":true}'
++Rcv decoded: fin=1 opcode=1 data=b'{"e":"trade","E":1734647559367,"s":"BTCUSDT","t":4307326729,"p":"97472.51000000","q":"0.00008000","T":1734647559366,"m":false,"M":true}'
++Rcv raw: b'\x81~\x00\x87{"e":"trade","E":1734647559367,"s":"BTCUSDT","t":4307326730,"p":"97472.51000000","q":"0.00008000","T":1734647559366,"m":false,"M":true}'
++Rcv decoded: fin=1 opcode=1 data=b'{"e":"trade","E":1734647559367,"s":"BTCUSDT","t":4307326730,"p":"97472.51000000","q":"0.00008000","T":1734647559366,"m":false,"M":true}'
++Rcv raw: b'\x81~\x00\x87{"e":"trade","E":1734647559367,"s":"BTCUSDT","t":4307326731,"p":"97472.51000000","q":"0.00008000","T":1734647559366,"m":false,"M":true}'
++Rcv decoded: fin=1 opcode=1 data=b'{"e":"trade","E":1734647559367,"s":"BTCUSDT","t":4307326731,"p":"97472.51000000","q":"0.00008000","T":1734647559366,"m":false,"M":true}'
++Rcv raw: b'\x81~\x00\x87{"e":"trade","E":1734647559367,"s":"BTCUSDT","t":4307326732,"p":"97472.51000000","q":"0.00008000","T":1734647559366,"m":false,"M":true}'
++Rcv decoded: fin=1 opcode=1 data=b'{"e":"trade","E":1734647559367,"s":"BTCUSDT","t":4307326732,"p":"97472.51000000","q":"0.00008000","T":1734647559366,"m":false,"M":true}'
++Rcv raw: b'\x81~\x00\x87{"e":"trade","E":1734647559367,"s":"BTCUSDT","t":4307326733,"p":"97472.51000000","q":"0.00008000","T":1734647559366,"m":false,"M":true}'
++Rcv decoded: fin=1 opcode=1 data=b'{"e":"trade","E":1734647559367,"s":"BTCUSDT","t":4307326733,"p":"97472.51000000","q":"0.00008000","T":1734647559366,"m":false,"M":true}'
++Rcv raw: b'\x81~\x00\x87{"e":"trade","E":1734647559367,"s":"BTCUSDT","t":4307326734,"p":"97472.51000000","q":"0.00008000","T":1734647559366,"m":false,"M":true}'
++Rcv decoded: fin=1 opcode=1 data=b'{"e":"trade","E":1734647559367,"s":"BTCUSDT","t":4307326734,"p":"97472.51000000","q":"0.00008000","T":1734647559366,"m":false,"M":true}'
++Rcv raw: b'\x81~\x00\x87{"e":"trade","E":1734647559367,"s":"BTCUSDT","t":4307326735,"p":"97472.51000000","q":"0.00008000","T":1734647559366,"m":false,"M":true}'
++Rcv decoded: fin=1 opcode=1 data=b'{"e":"trade","E":1734647559367,"s":"BTCUSDT","t":4307326735,"p":"97472.51000000","q":"0.00008000","T":1734647559366,"m":false,"M":true}'
++Rcv raw: b'\x81~\x00\x87{"e":"trade","E":1734647559367,"s":"BTCUSDT","t":4307326736,"p":"97472.51000000","q":"0.00008000","T":1734647559366,"m":false,"M":true}'
++Rcv decoded: fin=1 opcode=1 data=b'{"e":"trade","E":1734647559367,"s":"BTCUSDT","t":4307326736,"p":"97472.51000000","q":"0.00008000","T":1734647559366,"m":false,"M":true}'
++Rcv raw: b'\x81~\x00\x87{"e":"trade","E":1734647559367,"s":"BTCUSDT","t":4307326737,"p":"97472.51000000","q":"0.00008000","T":1734647559366,"m":false,"M":true}'
++Rcv decoded: fin=1 opcode=1 data=b'{"e":"trade","E":1734647559367,"s":"BTCUSDT","t":4307326737,"p":"97472.51000000","q":"0.00008000","T":1734647559366,"m":false,"M":true}'
++Rcv raw: b'\x81~\x00\x87{"e":"trade","E":1734647559367,"s":"BTCUSDT","t":4307326738,"p":"97472.51000000","q":"0.00008000","T":1734647559366,"m":false,"M":true}'
++Rcv decoded: fin=1 opcode=1 data=b'{"e":"trade","E":1734647559367,"s":"BTCUSDT","t":4307326738,"p":"97472.51000000","q":"0.00008000","T":1734647559366,"m":false,"M":true}'
++Rcv raw: b'\x81~\x00\x87{"e":"trade","E":1734647559367,"s":"BTCUSDT","t":4307326739,"p":"97472.52000000","q":"0.04000000","T":1734647559366,"m":false,"M":true}'
++Rcv decoded: fin=1 opcode=1 data=b'{"e":"trade","E":1734647559367,"s":"BTCUSDT","t":4307326739,"p":"97472.52000000","q":"0.04000000","T":1734647559366,"m":false,"M":true}'
++Rcv raw: b'\x81~\x00\x87{"e":"trade","E":1734647559367,"s":"BTCUSDT","t":4307326740,"p":"97472.86000000","q":"0.20536000","T":1734647559366,"m":false,"M":true}'
++Rcv decoded: fin=1 opcode=1 data=b'{"e":"trade","E":1734647559367,"s":"BTCUSDT","t":4307326740,"p":"97472.86000000","q":"0.20536000","T":1734647559366,"m":false,"M":true}'
++Rcv raw: b'\x81~\x00\x87{"e":"trade","E":1734647559367,"s":"BTCUSDT","t":4307326741,"p":"97472.90000000","q":"0.00006000","T":1734647559366,"m":false,"M":true}'
++Rcv decoded: fin=1 opcode=1 data=b'{"e":"trade","E":1734647559367,"s":"BTCUSDT","t":4307326741,"p":"97472.90000000","q":"0.00006000","T":1734647559366,"m":false,"M":true}'
++Rcv raw: b'\x81~\x00\x87{"e":"trade","E":1734647559367,"s":"BTCUSDT","t":4307326742,"p":"97475.05000000","q":"0.00041000","T":1734647559366,"m":false,"M":true}'
++Rcv decoded: fin=1 opcode=1 data=b'{"e":"trade","E":1734647559367,"s":"BTCUSDT","t":4307326742,"p":"97475.05000000","q":"0.00041000","T":1734647559366,"m":false,"M":true}'
++Rcv raw: b'\x81~\x00\x87{"e":"trade","E":1734647559367,"s":"BTCUSDT","t":4307326743,"p":"97475.10000000","q":"0.00006000","T":1734647559366,"m":false,"M":true}'
++Rcv decoded: fin=1 opcode=1 data=b'{"e":"trade","E":1734647559367,"s":"BTCUSDT","t":4307326743,"p":"97475.10000000","q":"0.00006000","T":1734647559366,"m":false,"M":true}'
++Rcv raw: b'\x81~\x00\x87{"e":"trade","E":1734647559367,"s":"BTCUSDT","t":4307326744,"p":"97475.84000000","q":"0.00006000","T":1734647559366,"m":false,"M":true}'
++Rcv decoded: fin=1 opcode=1 data=b'{"e":"trade","E":1734647559367,"s":"BTCUSDT","t":4307326744,"p":"97475.84000000","q":"0.00006000","T":1734647559366,"m":false,"M":true}'
++Rcv raw: b'\x81~\x00\x87{"e":"trade","E":1734647559367,"s":"BTCUSDT","t":4307326745,"p":"97476.00000000","q":"0.00010000","T":1734647559366,"m":false,"M":true}'
++Rcv decoded: fin=1 opcode=1 data=b'{"e":"trade","E":1734647559367,"s":"BTCUSDT","t":4307326745,"p":"97476.00000000","q":"0.00010000","T":1734647559366,"m":false,"M":true}'
++Rcv raw: b'\x81~\x00\x87{"e":"trade","E":1734647559367,"s":"BTCUSDT","t":4307326746,"p":"97476.67000000","q":"0.00008000","T":1734647559366,"m":false,"M":true}'
++Rcv decoded: fin=1 opcode=1 data=b'{"e":"trade","E":1734647559367,"s":"BTCUSDT","t":4307326746,"p":"97476.67000000","q":"0.00008000","T":1734647559366,"m":false,"M":true}'
++Rcv raw: b'\x81~\x00\x87{"e":"trade","E":1734647559367,"s":"BTCUSDT","t":4307326747,"p":"97476.67000000","q":"0.00008000","T":1734647559366,"m":false,"M":true}'
++Rcv decoded: fin=1 opcode=1 data=b'{"e":"trade","E":1734647559367,"s":"BTCUSDT","t":4307326747,"p":"97476.67000000","q":"0.00008000","T":1734647559366,"m":false,"M":true}'
++Rcv raw: b'\x81~\x00\x87{"e":"trade","E":1734647559367,"s":"BTCUSDT","t":4307326748,"p":"97476.67000000","q":"0.00008000","T":1734647559366,"m":false,"M":true}'
++Rcv decoded: fin=1 opcode=1 data=b'{"e":"trade","E":1734647559367,"s":"BTCUSDT","t":4307326748,"p":"97476.67000000","q":"0.00008000","T":1734647559366,"m":false,"M":true}'
++Rcv raw: b'\x81~\x00\x87{"e":"trade","E":1734647559367,"s":"BTCUSDT","t":4307326749,"p":"97476.67000000","q":"0.00008000","T":1734647559366,"m":false,"M":true}'
++Rcv decoded: fin=1 opcode=1 data=b'{"e":"trade","E":1734647559367,"s":"BTCUSDT","t":4307326749,"p":"97476.67000000","q":"0.00008000","T":1734647559366,"m":false,"M":true}'
++Rcv raw: b'\x81~\x00\x87{"e":"trade","E":1734647559367,"s":"BTCUSDT","t":4307326750,"p":"97476.67000000","q":"0.00008000","T":1734647559366,"m":false,"M":true}'
++Rcv decoded: fin=1 opcode=1 data=b'{"e":"trade","E":1734647559367,"s":"BTCUSDT","t":4307326750,"p":"97476.67000000","q":"0.00008000","T":1734647559366,"m":false,"M":true}'
++Rcv raw: b'\x81~\x00\x87{"e":"trade","E":1734647559367,"s":"BTCUSDT","t":4307326751,"p":"97476.67000000","q":"0.00008000","T":1734647559366,"m":false,"M":true}'
++Rcv decoded: fin=1 opcode=1 data=b'{"e":"trade","E":1734647559367,"s":"BTCUSDT","t":4307326751,"p":"97476.67000000","q":"0.00008000","T":1734647559366,"m":false,"M":true}'
++Rcv raw: b'\x81~\x00\x87{"e":"trade","E":1734647559367,"s":"BTCUSDT","t":4307326752,"p":"97476.67000000","q":"0.00008000","T":1734647559366,"m":false,"M":true}'
++Rcv decoded: fin=1 opcode=1 data=b'{"e":"trade","E":1734647559367,"s":"BTCUSDT","t":4307326752,"p":"97476.67000000","q":"0.00008000","T":1734647559366,"m":false,"M":true}'
++Rcv raw: b'\x81~\x00\x87{"e":"trade","E":1734647559367,"s":"BTCUSDT","t":4307326753,"p":"97476.67000000","q":"0.00008000","T":1734647559366,"m":false,"M":true}'
++Rcv decoded: fin=1 opcode=1 data=b'{"e":"trade","E":1734647559367,"s":"BTCUSDT","t":4307326753,"p":"97476.67000000","q":"0.00008000","T":1734647559366,"m":false,"M":true}'
++Rcv raw: b'\x81~\x00\x87{"e":"trade","E":1734647559367,"s":"BTCUSDT","t":4307326754,"p":"97476.67000000","q":"0.00008000","T":1734647559366,"m":false,"M":true}'
++Rcv decoded: fin=1 opcode=1 data=b'{"e":"trade","E":1734647559367,"s":"BTCUSDT","t":4307326754,"p":"97476.67000000","q":"0.00008000","T":1734647559366,"m":false,"M":true}'
++Rcv raw: b'\x81~\x00\x87{"e":"trade","E":1734647559367,"s":"BTCUSDT","t":4307326755,"p":"97476.67000000","q":"0.00008000","T":1734647559366,"m":false,"M":true}'
++Rcv decoded: fin=1 opcode=1 data=b'{"e":"trade","E":1734647559367,"s":"BTCUSDT","t":4307326755,"p":"97476.67000000","q":"0.00008000","T":1734647559366,"m":false,"M":true}'
++Rcv raw: b'\x81~\x00\x87{"e":"trade","E":1734647559367,"s":"BTCUSDT","t":4307326756,"p":"97476.68000000","q":"0.20535000","T":1734647559366,"m":false,"M":true}'
++Rcv decoded: fin=1 opcode=1 data=b'{"e":"trade","E":1734647559367,"s":"BTCUSDT","t":4307326756,"p":"97476.68000000","q":"0.20535000","T":1734647559366,"m":false,"M":true}'
++Rcv raw: b'\x81~\x00\x87{"e":"trade","E":1734647559367,"s":"BTCUSDT","t":4307326757,"p":"97477.41000000","q":"0.00008000","T":1734647559366,"m":false,"M":true}'
++Rcv decoded: fin=1 opcode=1 data=b'{"e":"trade","E":1734647559367,"s":"BTCUSDT","t":4307326757,"p":"97477.41000000","q":"0.00008000","T":1734647559366,"m":false,"M":true}'
++Rcv raw: b'\x81~\x00\x87{"e":"trade","E":1734647559367,"s":"BTCUSDT","t":4307326758,"p":"97477.41000000","q":"0.00008000","T":1734647559366,"m":false,"M":true}'
++Rcv decoded: fin=1 opcode=1 data=b'{"e":"trade","E":1734647559367,"s":"BTCUSDT","t":4307326758,"p":"97477.41000000","q":"0.00008000","T":1734647559366,"m":false,"M":true}'
++Rcv raw: b'\x81~\x00\x87{"e":"trade","E":1734647559367,"s":"BTCUSDT","t":4307326759,"p":"97477.41000000","q":"0.00008000","T":1734647559366,"m":false,"M":true}'
++Rcv decoded: fin=1 opcode=1 data=b'{"e":"trade","E":1734647559367,"s":"BTCUSDT","t":4307326759,"p":"97477.41000000","q":"0.00008000","T":1734647559366,"m":false,"M":true}'
++Rcv raw: b'\x81~\x00\x87{"e":"trade","E":1734647559367,"s":"BTCUSDT","t":4307326760,"p":"97477.41000000","q":"0.00008000","T":1734647559366,"m":false,"M":true}'
++Rcv decoded: fin=1 opcode=1 data=b'{"e":"trade","E":1734647559367,"s":"BTCUSDT","t":4307326760,"p":"97477.41000000","q":"0.00008000","T":1734647559366,"m":false,"M":true}'
++Rcv raw: b'\x81~\x00\x87{"e":"trade","E":1734647559367,"s":"BTCUSDT","t":4307326761,"p":"97477.41000000","q":"0.00008000","T":1734647559366,"m":false,"M":true}'
++Rcv decoded: fin=1 opcode=1 data=b'{"e":"trade","E":1734647559367,"s":"BTCUSDT","t":4307326761,"p":"97477.41000000","q":"0.00008000","T":1734647559366,"m":false,"M":true}'
++Rcv raw: b'\x81~\x00\x87{"e":"trade","E":1734647559367,"s":"BTCUSDT","t":4307326762,"p":"97477.41000000","q":"0.00008000","T":1734647559366,"m":false,"M":true}'
++Rcv decoded: fin=1 opcode=1 data=b'{"e":"trade","E":1734647559367,"s":"BTCUSDT","t":4307326762,"p":"97477.41000000","q":"0.00008000","T":1734647559366,"m":false,"M":true}'
++Rcv raw: b'\x81~\x00\x87{"e":"trade","E":1734647559367,"s":"BTCUSDT","t":4307326763,"p":"97477.41000000","q":"0.00008000","T":1734647559366,"m":false,"M":true}'
++Rcv decoded: fin=1 opcode=1 data=b'{"e":"trade","E":1734647559367,"s":"BTCUSDT","t":4307326763,"p":"97477.41000000","q":"0.00008000","T":1734647559366,"m":false,"M":true}'
++Rcv raw: b'\x81~\x00\x87{"e":"trade","E":1734647559367,"s":"BTCUSDT","t":4307326764,"p":"97477.41000000","q":"0.00008000","T":1734647559366,"m":false,"M":true}'
++Rcv decoded: fin=1 opcode=1 data=b'{"e":"trade","E":1734647559367,"s":"BTCUSDT","t":4307326764,"p":"97477.41000000","q":"0.00008000","T":1734647559366,"m":false,"M":true}'
++Rcv raw: b'\x81~\x00\x87{"e":"trade","E":1734647559367,"s":"BTCUSDT","t":4307326765,"p":"97477.41000000","q":"0.00008000","T":1734647559366,"m":false,"M":true}'
++Rcv decoded: fin=1 opcode=1 data=b'{"e":"trade","E":1734647559367,"s":"BTCUSDT","t":4307326765,"p":"97477.41000000","q":"0.00008000","T":1734647559366,"m":false,"M":true}'
++Rcv raw: b'\x81~\x00\x87{"e":"trade","E":1734647559367,"s":"BTCUSDT","t":4307326766,"p":"97477.41000000","q":"0.00008000","T":1734647559366,"m":false,"M":true}'
++Rcv decoded: fin=1 opcode=1 data=b'{"e":"trade","E":1734647559367,"s":"BTCUSDT","t":4307326766,"p":"97477.41000000","q":"0.00008000","T":1734647559366,"m":false,"M":true}'
++Rcv raw: b'\x81~\x00\x87{"e":"trade","E":1734647559367,"s":"BTCUSDT","t":4307326767,"p":"97477.42000000","q":"0.08000000","T":1734647559366,"m":false,"M":true}'
++Rcv decoded: fin=1 opcode=1 data=b'{"e":"trade","E":1734647559367,"s":"BTCUSDT","t":4307326767,"p":"97477.42000000","q":"0.08000000","T":1734647559366,"m":false,"M":true}'
++Rcv raw: b'\x81~\x00\x87{"e":"trade","E":1734647559367,"s":"BTCUSDT","t":4307326768,"p":"97478.48000000","q":"0.21963000","T":1734647559366,"m":false,"M":true}'
++Rcv decoded: fin=1 opcode=1 data=b'{"e":"trade","E":1734647559367,"s":"BTCUSDT","t":4307326768,"p":"97478.48000000","q":"0.21963000","T":1734647559366,"m":false,"M":true}'
++Rcv raw: b'\x81~\x00\x87{"e":"trade","E":1734647559367,"s":"BTCUSDT","t":4307326769,"p":"97479.51000000","q":"0.00008000","T":1734647559366,"m":false,"M":true}'
++Rcv decoded: fin=1 opcode=1 data=b'{"e":"trade","E":1734647559367,"s":"BTCUSDT","t":4307326769,"p":"97479.51000000","q":"0.00008000","T":1734647559366,"m":false,"M":true}'
++Rcv raw: b'\x81~\x00\x87{"e":"trade","E":1734647559367,"s":"BTCUSDT","t":4307326770,"p":"97479.51000000","q":"0.00008000","T":1734647559366,"m":false,"M":true}'
++Rcv decoded: fin=1 opcode=1 data=b'{"e":"trade","E":1734647559367,"s":"BTCUSDT","t":4307326770,"p":"97479.51000000","q":"0.00008000","T":1734647559366,"m":false,"M":true}'
++Rcv raw: b'\x81~\x00\x87{"e":"trade","E":1734647559367,"s":"BTCUSDT","t":4307326771,"p":"97479.51000000","q":"0.00008000","T":1734647559366,"m":false,"M":true}'
++Rcv decoded: fin=1 opcode=1 data=b'{"e":"trade","E":1734647559367,"s":"BTCUSDT","t":4307326771,"p":"97479.51000000","q":"0.00008000","T":1734647559366,"m":false,"M":true}'
++Rcv raw: b'\x81~\x00\x87{"e":"trade","E":1734647559367,"s":"BTCUSDT","t":4307326772,"p":"97479.51000000","q":"0.00008000","T":1734647559366,"m":false,"M":true}'
++Rcv decoded: fin=1 opcode=1 data=b'{"e":"trade","E":1734647559367,"s":"BTCUSDT","t":4307326772,"p":"97479.51000000","q":"0.00008000","T":1734647559366,"m":false,"M":true}'
++Rcv raw: b'\x81~\x00\x87{"e":"trade","E":1734647559367,"s":"BTCUSDT","t":4307326773,"p":"97479.51000000","q":"0.00008000","T":1734647559366,"m":false,"M":true}'
++Rcv decoded: fin=1 opcode=1 data=b'{"e":"trade","E":1734647559367,"s":"BTCUSDT","t":4307326773,"p":"97479.51000000","q":"0.00008000","T":1734647559366,"m":false,"M":true}'
++Rcv raw: b'\x81~\x00\x87{"e":"trade","E":1734647559367,"s":"BTCUSDT","t":4307326774,"p":"97479.51000000","q":"0.00008000","T":1734647559366,"m":false,"M":true}'
++Rcv decoded: fin=1 opcode=1 data=b'{"e":"trade","E":1734647559367,"s":"BTCUSDT","t":4307326774,"p":"97479.51000000","q":"0.00008000","T":1734647559366,"m":false,"M":true}'
++Rcv raw: b'\x81~\x00\x87{"e":"trade","E":1734647559367,"s":"BTCUSDT","t":4307326775,"p":"97479.51000000","q":"0.00008000","T":1734647559366,"m":false,"M":true}'
++Rcv decoded: fin=1 opcode=1 data=b'{"e":"trade","E":1734647559367,"s":"BTCUSDT","t":4307326775,"p":"97479.51000000","q":"0.00008000","T":1734647559366,"m":false,"M":true}'
++Rcv raw: b'\x81~\x00\x87{"e":"trade","E":1734647559367,"s":"BTCUSDT","t":4307326776,"p":"97479.51000000","q":"0.00008000","T":1734647559366,"m":false,"M":true}'
++Rcv decoded: fin=1 opcode=1 data=b'{"e":"trade","E":1734647559367,"s":"BTCUSDT","t":4307326776,"p":"97479.51000000","q":"0.00008000","T":1734647559366,"m":false,"M":true}'
++Rcv raw: b'\x81~\x00\x87{"e":"trade","E":1734647559367,"s":"BTCUSDT","t":4307326777,"p":"97479.51000000","q":"0.00008000","T":1734647559366,"m":false,"M":true}'
++Rcv decoded: fin=1 opcode=1 data=b'{"e":"trade","E":1734647559367,"s":"BTCUSDT","t":4307326777,"p":"97479.51000000","q":"0.00008000","T":1734647559366,"m":false,"M":true}'
++Rcv raw: b'\x81~\x00\x87{"e":"trade","E":1734647559367,"s":"BTCUSDT","t":4307326778,"p":"97479.51000000","q":"0.00008000","T":1734647559366,"m":false,"M":true}'
++Rcv decoded: fin=1 opcode=1 data=b'{"e":"trade","E":1734647559367,"s":"BTCUSDT","t":4307326778,"p":"97479.51000000","q":"0.00008000","T":1734647559366,"m":false,"M":true}'
++Rcv raw: b'\x81~\x00\x87{"e":"trade","E":1734647559367,"s":"BTCUSDT","t":4307326779,"p":"97479.52000000","q":"0.04967000","T":1734647559366,"m":false,"M":true}'
++Rcv decoded: fin=1 opcode=1 data=b'{"e":"trade","E":1734647559367,"s":"BTCUSDT","t":4307326779,"p":"97479.52000000","q":"0.04967000","T":1734647559366,"m":false,"M":true}'
++Rcv raw: b'\x81~\x00\x87{"e":"trade","E":1734647559370,"s":"BTCUSDT","t":4307326780,"p":"97479.52000000","q":"0.00006000","T":1734647559370,"m":false,"M":true}'
++Rcv decoded: fin=1 opcode=1 data=b'{"e":"trade","E":1734647559370,"s":"BTCUSDT","t":4307326780,"p":"97479.52000000","q":"0.00006000","T":1734647559370,"m":false,"M":true}'
++Rcv raw: b'\x81~\x00\x86{"e":"trade","E":1734647559452,"s":"BTCUSDT","t":4307326781,"p":"97479.51000000","q":"0.01641000","T":1734647559451,"m":true,"M":true}'
++Rcv decoded: fin=1 opcode=1 data=b'{"e":"trade","E":1734647559452,"s":"BTCUSDT","t":4307326781,"p":"97479.51000000","q":"0.01641000","T":1734647559451,"m":true,"M":true}'
++Rcv raw: b'\x81~\x00\x87{"e":"trade","E":1734647559507,"s":"BTCUSDT","t":4307326782,"p":"97479.52000000","q":"0.00054000","T":1734647559507,"m":false,"M":true}'
++Rcv decoded: fin=1 opcode=1 data=b'{"e":"trade","E":1734647559507,"s":"BTCUSDT","t":4307326782,"p":"97479.52000000","q":"0.00054000","T":1734647559507,"m":false,"M":true}'
++Rcv raw: b'\x81~\x00\x87{"e":"trade","E":1734647559525,"s":"BTCUSDT","t":4307326783,"p":"97479.52000000","q":"0.00020000","T":1734647559524,"m":false,"M":true}'
++Rcv decoded: fin=1 opcode=1 data=b'{"e":"trade","E":1734647559525,"s":"BTCUSDT","t":4307326783,"p":"97479.52000000","q":"0.00020000","T":1734647559524,"m":false,"M":true}'
++Rcv raw: b'\x81~\x00\x87{"e":"trade","E":1734647559553,"s":"BTCUSDT","t":4307326784,"p":"97479.52000000","q":"0.01951000","T":1734647559553,"m":false,"M":true}'
++Rcv decoded: fin=1 opcode=1 data=b'{"e":"trade","E":1734647559553,"s":"BTCUSDT","t":4307326784,"p":"97479.52000000","q":"0.01951000","T":1734647559553,"m":false,"M":true}'
++Rcv raw: b'\x81~\x00\x87{"e":"trade","E":1734647559659,"s":"BTCUSDT","t":4307326785,"p":"97479.54000000","q":"0.00006000","T":1734647559658,"m":false,"M":true}'
++Rcv decoded: fin=1 opcode=1 data=b'{"e":"trade","E":1734647559659,"s":"BTCUSDT","t":4307326785,"p":"97479.54000000","q":"0.00006000","T":1734647559658,"m":false,"M":true}'
++Rcv raw: b'\x81~\x00\x87{"e":"trade","E":1734647559659,"s":"BTCUSDT","t":4307326786,"p":"97479.54000000","q":"0.00006000","T":1734647559658,"m":false,"M":true}'
++Rcv decoded: fin=1 opcode=1 data=b'{"e":"trade","E":1734647559659,"s":"BTCUSDT","t":4307326786,"p":"97479.54000000","q":"0.00006000","T":1734647559658,"m":false,"M":true}'
++Rcv raw: b'\x81~\x00\x87{"e":"trade","E":1734647559659,"s":"BTCUSDT","t":4307326787,"p":"97479.54000000","q":"0.00006000","T":1734647559658,"m":false,"M":true}'
++Rcv decoded: fin=1 opcode=1 data=b'{"e":"trade","E":1734647559659,"s":"BTCUSDT","t":4307326787,"p":"97479.54000000","q":"0.00006000","T":1734647559658,"m":false,"M":true}'
++Rcv raw: b'\x81~\x00\x87{"e":"trade","E":1734647559659,"s":"BTCUSDT","t":4307326788,"p":"97479.54000000","q":"0.00006000","T":1734647559658,"m":false,"M":true}'
++Rcv decoded: fin=1 opcode=1 data=b'{"e":"trade","E":1734647559659,"s":"BTCUSDT","t":4307326788,"p":"97479.54000000","q":"0.00006000","T":1734647559658,"m":false,"M":true}'
++Rcv raw: b'\x81~\x00\x87{"e":"trade","E":1734647559659,"s":"BTCUSDT","t":4307326789,"p":"97479.54000000","q":"0.00006000","T":1734647559658,"m":false,"M":true}'
++Rcv decoded: fin=1 opcode=1 data=b'{"e":"trade","E":1734647559659,"s":"BTCUSDT","t":4307326789,"p":"97479.54000000","q":"0.00006000","T":1734647559658,"m":false,"M":true}'
++Rcv raw: b'\x81~\x00\x87{"e":"trade","E":1734647559659,"s":"BTCUSDT","t":4307326790,"p":"97479.54000000","q":"0.00006000","T":1734647559658,"m":false,"M":true}'
++Rcv decoded: fin=1 opcode=1 data=b'{"e":"trade","E":1734647559659,"s":"BTCUSDT","t":4307326790,"p":"97479.54000000","q":"0.00006000","T":1734647559658,"m":false,"M":true}'
++Rcv raw: b'\x81~\x00\x87{"e":"trade","E":1734647559659,"s":"BTCUSDT","t":4307326791,"p":"97479.54000000","q":"0.00006000","T":1734647559658,"m":false,"M":true}'
++Rcv decoded: fin=1 opcode=1 data=b'{"e":"trade","E":1734647559659,"s":"BTCUSDT","t":4307326791,"p":"97479.54000000","q":"0.00006000","T":1734647559658,"m":false,"M":true}'
++Rcv raw: b'\x81~\x00\x87{"e":"trade","E":1734647559659,"s":"BTCUSDT","t":4307326792,"p":"97479.54000000","q":"0.00006000","T":1734647559658,"m":false,"M":true}'
++Rcv decoded: fin=1 opcode=1 data=b'{"e":"trade","E":1734647559659,"s":"BTCUSDT","t":4307326792,"p":"97479.54000000","q":"0.00006000","T":1734647559658,"m":false,"M":true}'
++Rcv raw: b'\x81~\x00\x87{"e":"trade","E":1734647559659,"s":"BTCUSDT","t":4307326793,"p":"97479.54000000","q":"0.00006000","T":1734647559658,"m":false,"M":true}'
++Rcv decoded: fin=1 opcode=1 data=b'{"e":"trade","E":1734647559659,"s":"BTCUSDT","t":4307326793,"p":"97479.54000000","q":"0.00006000","T":1734647559658,"m":false,"M":true}'
++Rcv raw: b'\x81~\x00\x87{"e":"trade","E":1734647559659,"s":"BTCUSDT","t":4307326794,"p":"97479.54000000","q":"0.00006000","T":1734647559658,"m":false,"M":true}'
++Rcv decoded: fin=1 opcode=1 data=b'{"e":"trade","E":1734647559659,"s":"BTCUSDT","t":4307326794,"p":"97479.54000000","q":"0.00006000","T":1734647559658,"m":false,"M":true}'
++Rcv raw: b'\x81~\x00\x87{"e":"trade","E":1734647559659,"s":"BTCUSDT","t":4307326795,"p":"97479.69000000","q":"0.00011000","T":1734647559658,"m":false,"M":true}'
++Rcv decoded: fin=1 opcode=1 data=b'{"e":"trade","E":1734647559659,"s":"BTCUSDT","t":4307326795,"p":"97479.69000000","q":"0.00011000","T":1734647559658,"m":false,"M":true}'
++Rcv raw: b'\x81~\x00\x87{"e":"trade","E":1734647559659,"s":"BTCUSDT","t":4307326796,"p":"97479.76000000","q":"0.00006000","T":1734647559658,"m":false,"M":true}'
++Rcv decoded: fin=1 opcode=1 data=b'{"e":"trade","E":1734647559659,"s":"BTCUSDT","t":4307326796,"p":"97479.76000000","q":"0.00006000","T":1734647559658,"m":false,"M":true}'
++Rcv raw: b'\x81~\x00\x87{"e":"trade","E":1734647559659,"s":"BTCUSDT","t":4307326797,"p":"97480.00000000","q":"0.00010000","T":1734647559658,"m":false,"M":true}'
++Rcv decoded: fin=1 opcode=1 data=b'{"e":"trade","E":1734647559659,"s":"BTCUSDT","t":4307326797,"p":"97480.00000000","q":"0.00010000","T":1734647559658,"m":false,"M":true}'
++Rcv raw: b'\x81~\x00\x87{"e":"trade","E":1734647559659,"s":"BTCUSDT","t":4307326798,"p":"97480.15000000","q":"0.00006000","T":1734647559658,"m":false,"M":true}'
++Rcv decoded: fin=1 opcode=1 data=b'{"e":"trade","E":1734647559659,"s":"BTCUSDT","t":4307326798,"p":"97480.15000000","q":"0.00006000","T":1734647559658,"m":false,"M":true}'
++Rcv raw: b'\x81~\x00\x87{"e":"trade","E":1734647559659,"s":"BTCUSDT","t":4307326799,"p":"97480.82000000","q":"0.00053000","T":1734647559658,"m":false,"M":true}'
++Rcv decoded: fin=1 opcode=1 data=b'{"e":"trade","E":1734647559659,"s":"BTCUSDT","t":4307326799,"p":"97480.82000000","q":"0.00053000","T":1734647559658,"m":false,"M":true}'
++Rcv raw: b'\x81~\x00\x87{"e":"trade","E":1734647559659,"s":"BTCUSDT","t":4307326800,"p":"97480.86000000","q":"0.00008000","T":1734647559658,"m":false,"M":true}'
++Rcv decoded: fin=1 opcode=1 data=b'{"e":"trade","E":1734647559659,"s":"BTCUSDT","t":4307326800,"p":"97480.86000000","q":"0.00008000","T":1734647559658,"m":false,"M":true}'
++Rcv raw: b'\x81~\x00\x87{"e":"trade","E":1734647559659,"s":"BTCUSDT","t":4307326801,"p":"97480.86000000","q":"0.00008000","T":1734647559658,"m":false,"M":true}'
++Rcv decoded: fin=1 opcode=1 data=b'{"e":"trade","E":1734647559659,"s":"BTCUSDT","t":4307326801,"p":"97480.86000000","q":"0.00008000","T":1734647559658,"m":false,"M":true}'
++Rcv raw: b'\x81~\x00\x87{"e":"trade","E":1734647559659,"s":"BTCUSDT","t":4307326802,"p":"97480.86000000","q":"0.00008000","T":1734647559658,"m":false,"M":true}'
++Rcv decoded: fin=1 opcode=1 data=b'{"e":"trade","E":1734647559659,"s":"BTCUSDT","t":4307326802,"p":"97480.86000000","q":"0.00008000","T":1734647559658,"m":false,"M":true}'
++Rcv raw: b'\x81~\x00\x87{"e":"trade","E":1734647559659,"s":"BTCUSDT","t":4307326803,"p":"97480.86000000","q":"0.00008000","T":1734647559658,"m":false,"M":true}'
++Rcv decoded: fin=1 opcode=1 data=b'{"e":"trade","E":1734647559659,"s":"BTCUSDT","t":4307326803,"p":"97480.86000000","q":"0.00008000","T":1734647559658,"m":false,"M":true}'
++Rcv raw: b'\x81~\x00\x87{"e":"trade","E":1734647559659,"s":"BTCUSDT","t":4307326804,"p":"97480.86000000","q":"0.00008000","T":1734647559658,"m":false,"M":true}'
++Rcv decoded: fin=1 opcode=1 data=b'{"e":"trade","E":1734647559659,"s":"BTCUSDT","t":4307326804,"p":"97480.86000000","q":"0.00008000","T":1734647559658,"m":false,"M":true}'
++Rcv raw: b'\x81~\x00\x87{"e":"trade","E":1734647559659,"s":"BTCUSDT","t":4307326805,"p":"97480.86000000","q":"0.00008000","T":1734647559658,"m":false,"M":true}'
++Rcv decoded: fin=1 opcode=1 data=b'{"e":"trade","E":1734647559659,"s":"BTCUSDT","t":4307326805,"p":"97480.86000000","q":"0.00008000","T":1734647559658,"m":false,"M":true}'
++Rcv raw: b'\x81~\x00\x87{"e":"trade","E":1734647559659,"s":"BTCUSDT","t":4307326806,"p":"97480.86000000","q":"0.00008000","T":1734647559658,"m":false,"M":true}'
++Rcv decoded: fin=1 opcode=1 data=b'{"e":"trade","E":1734647559659,"s":"BTCUSDT","t":4307326806,"p":"97480.86000000","q":"0.00008000","T":1734647559658,"m":false,"M":true}'
++Rcv raw: b'\x81~\x00\x87{"e":"trade","E":1734647559659,"s":"BTCUSDT","t":4307326807,"p":"97480.86000000","q":"0.00008000","T":1734647559658,"m":false,"M":true}'
++Rcv decoded: fin=1 opcode=1 data=b'{"e":"trade","E":1734647559659,"s":"BTCUSDT","t":4307326807,"p":"97480.86000000","q":"0.00008000","T":1734647559658,"m":false,"M":true}'
++Rcv raw: b'\x81~\x00\x87{"e":"trade","E":1734647559659,"s":"BTCUSDT","t":4307326808,"p":"97480.86000000","q":"0.00008000","T":1734647559658,"m":false,"M":true}'
++Rcv decoded: fin=1 opcode=1 data=b'{"e":"trade","E":1734647559659,"s":"BTCUSDT","t":4307326808,"p":"97480.86000000","q":"0.00008000","T":1734647559658,"m":false,"M":true}'
++Rcv raw: b'\x81~\x00\x87{"e":"trade","E":1734647559659,"s":"BTCUSDT","t":4307326809,"p":"97480.86000000","q":"0.00008000","T":1734647559658,"m":false,"M":true}'
++Rcv decoded: fin=1 opcode=1 data=b'{"e":"trade","E":1734647559659,"s":"BTCUSDT","t":4307326809,"p":"97480.86000000","q":"0.00008000","T":1734647559658,"m":false,"M":true}'
++Rcv raw: b'\x81~\x00\x87{"e":"trade","E":1734647559659,"s":"BTCUSDT","t":4307326810,"p":"97480.87000000","q":"0.18867000","T":1734647559658,"m":false,"M":true}'
++Rcv decoded: fin=1 opcode=1 data=b'{"e":"trade","E":1734647559659,"s":"BTCUSDT","t":4307326810,"p":"97480.87000000","q":"0.18867000","T":1734647559658,"m":false,"M":true}'
++Rcv raw: b'\x81~\x00\x87{"e":"trade","E":1734647559662,"s":"BTCUSDT","t":4307326811,"p":"97481.52000000","q":"0.00008000","T":1734647559661,"m":false,"M":true}'
++Rcv decoded: fin=1 opcode=1 data=b'{"e":"trade","E":1734647559662,"s":"BTCUSDT","t":4307326811,"p":"97481.52000000","q":"0.00008000","T":1734647559661,"m":false,"M":true}'
++Rcv raw: b'\x81~\x00\x87{"e":"trade","E":1734647559662,"s":"BTCUSDT","t":4307326812,"p":"97481.52000000","q":"0.00004000","T":1734647559661,"m":false,"M":true}'
++Rcv decoded: fin=1 opcode=1 data=b'{"e":"trade","E":1734647559662,"s":"BTCUSDT","t":4307326812,"p":"97481.52000000","q":"0.00004000","T":1734647559661,"m":false,"M":true}'
++Rcv raw: b'\x81~\x00\x86{"e":"trade","E":1734647559663,"s":"BTCUSDT","t":4307326813,"p":"97481.51000000","q":"0.00006000","T":1734647559662,"m":true,"M":true}'
++Rcv decoded: fin=1 opcode=1 data=b'{"e":"trade","E":1734647559663,"s":"BTCUSDT","t":4307326813,"p":"97481.51000000","q":"0.00006000","T":1734647559662,"m":true,"M":true}'
++Rcv raw: b'\x81~\x00\x87{"e":"trade","E":1734647559667,"s":"BTCUSDT","t":4307326814,"p":"97481.52000000","q":"0.00008000","T":1734647559666,"m":false,"M":true}'
++Rcv decoded: fin=1 opcode=1 data=b'{"e":"trade","E":1734647559667,"s":"BTCUSDT","t":4307326814,"p":"97481.52000000","q":"0.00008000","T":1734647559666,"m":false,"M":true}'
++Rcv raw: b'\x81~\x00\x87{"e":"trade","E":1734647559667,"s":"BTCUSDT","t":4307326815,"p":"97481.52000000","q":"0.00046000","T":1734647559666,"m":false,"M":true}'
++Rcv decoded: fin=1 opcode=1 data=b'{"e":"trade","E":1734647559667,"s":"BTCUSDT","t":4307326815,"p":"97481.52000000","q":"0.00046000","T":1734647559666,"m":false,"M":true}'
++Rcv raw: b'\x81~\x00\x87{"e":"trade","E":1734647559883,"s":"BTCUSDT","t":4307326816,"p":"97481.52000000","q":"0.00008000","T":1734647559883,"m":false,"M":true}'
++Rcv decoded: fin=1 opcode=1 data=b'{"e":"trade","E":1734647559883,"s":"BTCUSDT","t":4307326816,"p":"97481.52000000","q":"0.00008000","T":1734647559883,"m":false,"M":true}'
++Rcv raw: b'\x81~\x00\x87{"e":"trade","E":1734647559883,"s":"BTCUSDT","t":4307326817,"p":"97481.52000000","q":"0.00100000","T":1734647559883,"m":false,"M":true}'
++Rcv decoded: fin=1 opcode=1 data=b'{"e":"trade","E":1734647559883,"s":"BTCUSDT","t":4307326817,"p":"97481.52000000","q":"0.00100000","T":1734647559883,"m":false,"M":true}'
++Rcv raw: b'\x81~\x00\x87{"e":"trade","E":1734647559883,"s":"BTCUSDT","t":4307326818,"p":"97481.52000000","q":"0.00008000","T":1734647559883,"m":false,"M":true}'
++Rcv decoded: fin=1 opcode=1 data=b'{"e":"trade","E":1734647559883,"s":"BTCUSDT","t":4307326818,"p":"97481.52000000","q":"0.00008000","T":1734647559883,"m":false,"M":true}'
++Rcv raw: b'\x81~\x00\x87{"e":"trade","E":1734647559883,"s":"BTCUSDT","t":4307326819,"p":"97481.52000000","q":"0.00008000","T":1734647559883,"m":false,"M":true}'
++Rcv decoded: fin=1 opcode=1 data=b'{"e":"trade","E":1734647559883,"s":"BTCUSDT","t":4307326819,"p":"97481.52000000","q":"0.00008000","T":1734647559883,"m":false,"M":true}'
++Rcv raw: b'\x81~\x00\x87{"e":"trade","E":1734647559883,"s":"BTCUSDT","t":4307326820,"p":"97481.52000000","q":"0.00008000","T":1734647559883,"m":false,"M":true}'
++Rcv decoded: fin=1 opcode=1 data=b'{"e":"trade","E":1734647559883,"s":"BTCUSDT","t":4307326820,"p":"97481.52000000","q":"0.00008000","T":1734647559883,"m":false,"M":true}'
++Rcv raw: b'\x81~\x00\x87{"e":"trade","E":1734647559883,"s":"BTCUSDT","t":4307326821,"p":"97481.52000000","q":"0.00008000","T":1734647559883,"m":false,"M":true}'
++Rcv decoded: fin=1 opcode=1 data=b'{"e":"trade","E":1734647559883,"s":"BTCUSDT","t":4307326821,"p":"97481.52000000","q":"0.00008000","T":1734647559883,"m":false,"M":true}'
++Rcv raw: b'\x81~\x00\x87{"e":"trade","E":1734647559883,"s":"BTCUSDT","t":4307326822,"p":"97481.52000000","q":"0.00008000","T":1734647559883,"m":false,"M":true}'
++Rcv decoded: fin=1 opcode=1 data=b'{"e":"trade","E":1734647559883,"s":"BTCUSDT","t":4307326822,"p":"97481.52000000","q":"0.00008000","T":1734647559883,"m":false,"M":true}'
++Rcv raw: b'\x81~\x00\x87{"e":"trade","E":1734647559883,"s":"BTCUSDT","t":4307326823,"p":"97481.52000000","q":"0.00008000","T":1734647559883,"m":false,"M":true}'
++Rcv decoded: fin=1 opcode=1 data=b'{"e":"trade","E":1734647559883,"s":"BTCUSDT","t":4307326823,"p":"97481.52000000","q":"0.00008000","T":1734647559883,"m":false,"M":true}'
++Rcv raw: b'\x81~\x00\x87{"e":"trade","E":1734647559883,"s":"BTCUSDT","t":4307326824,"p":"97481.52000000","q":"0.00008000","T":1734647559883,"m":false,"M":true}'
++Rcv decoded: fin=1 opcode=1 data=b'{"e":"trade","E":1734647559883,"s":"BTCUSDT","t":4307326824,"p":"97481.52000000","q":"0.00008000","T":1734647559883,"m":false,"M":true}'
++Rcv raw: b'\x81~\x00\x87{"e":"trade","E":1734647559883,"s":"BTCUSDT","t":4307326825,"p":"97481.53000000","q":"0.00300000","T":1734647559883,"m":false,"M":true}'
++Rcv decoded: fin=1 opcode=1 data=b'{"e":"trade","E":1734647559883,"s":"BTCUSDT","t":4307326825,"p":"97481.53000000","q":"0.00300000","T":1734647559883,"m":false,"M":true}'
++Rcv raw: b'\x81~\x00\x87{"e":"trade","E":1734647559883,"s":"BTCUSDT","t":4307326826,"p":"97481.54000000","q":"0.00006000","T":1734647559883,"m":false,"M":true}'
++Rcv decoded: fin=1 opcode=1 data=b'{"e":"trade","E":1734647559883,"s":"BTCUSDT","t":4307326826,"p":"97481.54000000","q":"0.00006000","T":1734647559883,"m":false,"M":true}'
++Rcv raw: b'\x81~\x00\x87{"e":"trade","E":1734647559883,"s":"BTCUSDT","t":4307326827,"p":"97481.54000000","q":"0.00006000","T":1734647559883,"m":false,"M":true}'
++Rcv decoded: fin=1 opcode=1 data=b'{"e":"trade","E":1734647559883,"s":"BTCUSDT","t":4307326827,"p":"97481.54000000","q":"0.00006000","T":1734647559883,"m":false,"M":true}'
++Rcv raw: b'\x81~\x00\x87{"e":"trade","E":1734647559883,"s":"BTCUSDT","t":4307326828,"p":"97481.54000000","q":"0.00006000","T":1734647559883,"m":false,"M":true}'
++Rcv decoded: fin=1 opcode=1 data=b'{"e":"trade","E":1734647559883,"s":"BTCUSDT","t":4307326828,"p":"97481.54000000","q":"0.00006000","T":1734647559883,"m":false,"M":true}'
++Rcv raw: b'\x81~\x00\x87{"e":"trade","E":1734647559883,"s":"BTCUSDT","t":4307326829,"p":"97481.54000000","q":"0.00006000","T":1734647559883,"m":false,"M":true}'
++Rcv decoded: fin=1 opcode=1 data=b'{"e":"trade","E":1734647559883,"s":"BTCUSDT","t":4307326829,"p":"97481.54000000","q":"0.00006000","T":1734647559883,"m":false,"M":true}'
++Rcv raw: b'\x81~\x00\x87{"e":"trade","E":1734647559883,"s":"BTCUSDT","t":4307326830,"p":"97481.54000000","q":"0.00006000","T":1734647559883,"m":false,"M":true}'
++Rcv decoded: fin=1 opcode=1 data=b'{"e":"trade","E":1734647559883,"s":"BTCUSDT","t":4307326830,"p":"97481.54000000","q":"0.00006000","T":1734647559883,"m":false,"M":true}'
++Rcv raw: b'\x81~\x00\x87{"e":"trade","E":1734647559883,"s":"BTCUSDT","t":4307326831,"p":"97481.54000000","q":"0.00006000","T":1734647559883,"m":false,"M":true}'
++Rcv decoded: fin=1 opcode=1 data=b'{"e":"trade","E":1734647559883,"s":"BTCUSDT","t":4307326831,"p":"97481.54000000","q":"0.00006000","T":1734647559883,"m":false,"M":true}'
++Rcv raw: b'\x81~\x00\x87{"e":"trade","E":1734647559883,"s":"BTCUSDT","t":4307326832,"p":"97481.54000000","q":"0.00006000","T":1734647559883,"m":false,"M":true}'
++Rcv decoded: fin=1 opcode=1 data=b'{"e":"trade","E":1734647559883,"s":"BTCUSDT","t":4307326832,"p":"97481.54000000","q":"0.00006000","T":1734647559883,"m":false,"M":true}'
++Rcv raw: b'\x81~\x00\x87{"e":"trade","E":1734647559883,"s":"BTCUSDT","t":4307326833,"p":"97481.54000000","q":"0.00006000","T":1734647559883,"m":false,"M":true}'
++Rcv decoded: fin=1 opcode=1 data=b'{"e":"trade","E":1734647559883,"s":"BTCUSDT","t":4307326833,"p":"97481.54000000","q":"0.00006000","T":1734647559883,"m":false,"M":true}'
++Rcv raw: b'\x81~\x00\x87{"e":"trade","E":1734647559883,"s":"BTCUSDT","t":4307326834,"p":"97481.54000000","q":"0.00006000","T":1734647559883,"m":false,"M":true}'
++Rcv decoded: fin=1 opcode=1 data=b'{"e":"trade","E":1734647559883,"s":"BTCUSDT","t":4307326834,"p":"97481.54000000","q":"0.00006000","T":1734647559883,"m":false,"M":true}'
++Rcv raw: b'\x81~\x00\x87{"e":"trade","E":1734647559883,"s":"BTCUSDT","t":4307326835,"p":"97481.54000000","q":"0.00006000","T":1734647559883,"m":false,"M":true}'
++Rcv decoded: fin=1 opcode=1 data=b'{"e":"trade","E":1734647559883,"s":"BTCUSDT","t":4307326835,"p":"97481.54000000","q":"0.00006000","T":1734647559883,"m":false,"M":true}'
++Rcv raw: b'\x81~\x00\x87{"e":"trade","E":1734647559883,"s":"BTCUSDT","t":4307326836,"p":"97482.62000000","q":"0.00056000","T":1734647559883,"m":false,"M":true}'
++Rcv decoded: fin=1 opcode=1 data=b'{"e":"trade","E":1734647559883,"s":"BTCUSDT","t":4307326836,"p":"97482.62000000","q":"0.00056000","T":1734647559883,"m":false,"M":true}'
++Rcv raw: b'\x81~\x00\x87{"e":"trade","E":1734647559883,"s":"BTCUSDT","t":4307326837,"p":"97482.63000000","q":"0.02000000","T":1734647559883,"m":false,"M":true}'
++Rcv decoded: fin=1 opcode=1 data=b'{"e":"trade","E":1734647559883,"s":"BTCUSDT","t":4307326837,"p":"97482.63000000","q":"0.02000000","T":1734647559883,"m":false,"M":true}'
++Rcv raw: b'\x81~\x00\x87{"e":"trade","E":1734647559883,"s":"BTCUSDT","t":4307326838,"p":"97482.76000000","q":"0.00008000","T":1734647559883,"m":false,"M":true}'
++Rcv decoded: fin=1 opcode=1 data=b'{"e":"trade","E":1734647559883,"s":"BTCUSDT","t":4307326838,"p":"97482.76000000","q":"0.00008000","T":1734647559883,"m":false,"M":true}'
++Rcv raw: b'\x81~\x00\x87{"e":"trade","E":1734647559883,"s":"BTCUSDT","t":4307326839,"p":"97482.76000000","q":"0.00008000","T":1734647559883,"m":false,"M":true}'
++Rcv decoded: fin=1 opcode=1 data=b'{"e":"trade","E":1734647559883,"s":"BTCUSDT","t":4307326839,"p":"97482.76000000","q":"0.00008000","T":1734647559883,"m":false,"M":true}'
++Rcv raw: b'\x81~\x00\x87{"e":"trade","E":1734647559883,"s":"BTCUSDT","t":4307326840,"p":"97482.76000000","q":"0.00008000","T":1734647559883,"m":false,"M":true}'
++Rcv decoded: fin=1 opcode=1 data=b'{"e":"trade","E":1734647559883,"s":"BTCUSDT","t":4307326840,"p":"97482.76000000","q":"0.00008000","T":1734647559883,"m":false,"M":true}'
++Rcv raw: b'\x81~\x00\x87{"e":"trade","E":1734647559883,"s":"BTCUSDT","t":4307326841,"p":"97482.76000000","q":"0.00008000","T":1734647559883,"m":false,"M":true}'
++Rcv decoded: fin=1 opcode=1 data=b'{"e":"trade","E":1734647559883,"s":"BTCUSDT","t":4307326841,"p":"97482.76000000","q":"0.00008000","T":1734647559883,"m":false,"M":true}'
++Rcv raw: b'\x81~\x00\x87{"e":"trade","E":1734647559883,"s":"BTCUSDT","t":4307326842,"p":"97482.76000000","q":"0.00008000","T":1734647559883,"m":false,"M":true}'
++Rcv decoded: fin=1 opcode=1 data=b'{"e":"trade","E":1734647559883,"s":"BTCUSDT","t":4307326842,"p":"97482.76000000","q":"0.00008000","T":1734647559883,"m":false,"M":true}'
++Rcv raw: b'\x81~\x00\x87{"e":"trade","E":1734647559883,"s":"BTCUSDT","t":4307326843,"p":"97482.76000000","q":"0.00008000","T":1734647559883,"m":false,"M":true}'
++Rcv decoded: fin=1 opcode=1 data=b'{"e":"trade","E":1734647559883,"s":"BTCUSDT","t":4307326843,"p":"97482.76000000","q":"0.00008000","T":1734647559883,"m":false,"M":true}'
++Rcv raw: b'\x81~\x00\x87{"e":"trade","E":1734647559883,"s":"BTCUSDT","t":4307326844,"p":"97482.76000000","q":"0.00008000","T":1734647559883,"m":false,"M":true}'
++Rcv decoded: fin=1 opcode=1 data=b'{"e":"trade","E":1734647559883,"s":"BTCUSDT","t":4307326844,"p":"97482.76000000","q":"0.00008000","T":1734647559883,"m":false,"M":true}'
++Rcv raw: b'\x81~\x00\x87{"e":"trade","E":1734647559883,"s":"BTCUSDT","t":4307326845,"p":"97482.76000000","q":"0.00008000","T":1734647559883,"m":false,"M":true}'
++Rcv decoded: fin=1 opcode=1 data=b'{"e":"trade","E":1734647559883,"s":"BTCUSDT","t":4307326845,"p":"97482.76000000","q":"0.00008000","T":1734647559883,"m":false,"M":true}'
++Rcv raw: b'\x81~\x00\x87{"e":"trade","E":1734647559883,"s":"BTCUSDT","t":4307326846,"p":"97482.76000000","q":"0.00008000","T":1734647559883,"m":false,"M":true}'
++Rcv decoded: fin=1 opcode=1 data=b'{"e":"trade","E":1734647559883,"s":"BTCUSDT","t":4307326846,"p":"97482.76000000","q":"0.00008000","T":1734647559883,"m":false,"M":true}'
++Rcv raw: b'\x81~\x00\x87{"e":"trade","E":1734647559883,"s":"BTCUSDT","t":4307326847,"p":"97482.76000000","q":"0.00008000","T":1734647559883,"m":false,"M":true}'
++Rcv decoded: fin=1 opcode=1 data=b'{"e":"trade","E":1734647559883,"s":"BTCUSDT","t":4307326847,"p":"97482.76000000","q":"0.00008000","T":1734647559883,"m":false,"M":true}'
++Rcv raw: b'\x81~\x00\x87{"e":"trade","E":1734647559888,"s":"BTCUSDT","t":4307326848,"p":"97482.77000000","q":"0.00012000","T":1734647559887,"m":false,"M":true}'
++Rcv decoded: fin=1 opcode=1 data=b'{"e":"trade","E":1734647559888,"s":"BTCUSDT","t":4307326848,"p":"97482.77000000","q":"0.00012000","T":1734647559887,"m":false,"M":true}'
++Rcv raw: b'\x81~\x00\x87{"e":"trade","E":1734647560006,"s":"BTCUSDT","t":4307326849,"p":"97482.77000000","q":"0.00099000","T":1734647560005,"m":false,"M":true}'
++Rcv decoded: fin=1 opcode=1 data=b'{"e":"trade","E":1734647560006,"s":"BTCUSDT","t":4307326849,"p":"97482.77000000","q":"0.00099000","T":1734647560005,"m":false,"M":true}'
++Rcv raw: b'\x81~\x00\x87{"e":"trade","E":1734647560006,"s":"BTCUSDT","t":4307326850,"p":"97482.79000000","q":"0.00006000","T":1734647560005,"m":false,"M":true}'
++Rcv decoded: fin=1 opcode=1 data=b'{"e":"trade","E":1734647560006,"s":"BTCUSDT","t":4307326850,"p":"97482.79000000","q":"0.00006000","T":1734647560005,"m":false,"M":true}'
++Rcv raw: b'\x81~\x00\x87{"e":"trade","E":1734647560006,"s":"BTCUSDT","t":4307326851,"p":"97482.79000000","q":"0.00006000","T":1734647560005,"m":false,"M":true}'
++Rcv decoded: fin=1 opcode=1 data=b'{"e":"trade","E":1734647560006,"s":"BTCUSDT","t":4307326851,"p":"97482.79000000","q":"0.00006000","T":1734647560005,"m":false,"M":true}'
++Rcv raw: b'\x81~\x00\x87{"e":"trade","E":1734647560006,"s":"BTCUSDT","t":4307326852,"p":"97482.79000000","q":"0.00006000","T":1734647560005,"m":false,"M":true}'
++Rcv decoded: fin=1 opcode=1 data=b'{"e":"trade","E":1734647560006,"s":"BTCUSDT","t":4307326852,"p":"97482.79000000","q":"0.00006000","T":1734647560005,"m":false,"M":true}'
++Rcv raw: b'\x81~\x00\x87{"e":"trade","E":1734647560006,"s":"BTCUSDT","t":4307326853,"p":"97482.79000000","q":"0.00006000","T":1734647560005,"m":false,"M":true}'
++Rcv decoded: fin=1 opcode=1 data=b'{"e":"trade","E":1734647560006,"s":"BTCUSDT","t":4307326853,"p":"97482.79000000","q":"0.00006000","T":1734647560005,"m":false,"M":true}'
++Rcv raw: b'\x81~\x00\x87{"e":"trade","E":1734647560006,"s":"BTCUSDT","t":4307326854,"p":"97482.79000000","q":"0.00006000","T":1734647560005,"m":false,"M":true}'
++Rcv decoded: fin=1 opcode=1 data=b'{"e":"trade","E":1734647560006,"s":"BTCUSDT","t":4307326854,"p":"97482.79000000","q":"0.00006000","T":1734647560005,"m":false,"M":true}'
++Rcv raw: b'\x81~\x00\x87{"e":"trade","E":1734647560006,"s":"BTCUSDT","t":4307326855,"p":"97482.79000000","q":"0.00006000","T":1734647560005,"m":false,"M":true}'
++Rcv decoded: fin=1 opcode=1 data=b'{"e":"trade","E":1734647560006,"s":"BTCUSDT","t":4307326855,"p":"97482.79000000","q":"0.00006000","T":1734647560005,"m":false,"M":true}'
++Rcv raw: b'\x81~\x00\x87{"e":"trade","E":1734647560008,"s":"BTCUSDT","t":4307326856,"p":"97483.67000000","q":"0.00006000","T":1734647560007,"m":false,"M":true}'
++Rcv decoded: fin=1 opcode=1 data=b'{"e":"trade","E":1734647560008,"s":"BTCUSDT","t":4307326856,"p":"97483.67000000","q":"0.00006000","T":1734647560007,"m":false,"M":true}'
++Rcv raw: b'\x81~\x00\x87{"e":"trade","E":1734647560008,"s":"BTCUSDT","t":4307326857,"p":"97484.00000000","q":"0.00010000","T":1734647560007,"m":false,"M":true}'
++Rcv decoded: fin=1 opcode=1 data=b'{"e":"trade","E":1734647560008,"s":"BTCUSDT","t":4307326857,"p":"97484.00000000","q":"0.00010000","T":1734647560007,"m":false,"M":true}'
++Rcv raw: b'\x81~\x00\x87{"e":"trade","E":1734647560008,"s":"BTCUSDT","t":4307326858,"p":"97484.06000000","q":"0.00032000","T":1734647560007,"m":false,"M":true}'
++Rcv decoded: fin=1 opcode=1 data=b'{"e":"trade","E":1734647560008,"s":"BTCUSDT","t":4307326858,"p":"97484.06000000","q":"0.00032000","T":1734647560007,"m":false,"M":true}'
++Rcv raw: b'\x81~\x00\x86{"e":"trade","E":1734647560016,"s":"BTCUSDT","t":4307326859,"p":"97484.83000000","q":"0.00006000","T":1734647560016,"m":true,"M":true}'
++Rcv decoded: fin=1 opcode=1 data=b'{"e":"trade","E":1734647560016,"s":"BTCUSDT","t":4307326859,"p":"97484.83000000","q":"0.00006000","T":1734647560016,"m":true,"M":true}'
++Rcv raw: b'\x81~\x00\x87{"e":"trade","E":1734647560020,"s":"BTCUSDT","t":4307326860,"p":"97484.84000000","q":"0.00008000","T":1734647560019,"m":false,"M":true}'
++Rcv decoded: fin=1 opcode=1 data=b'{"e":"trade","E":1734647560020,"s":"BTCUSDT","t":4307326860,"p":"97484.84000000","q":"0.00008000","T":1734647560019,"m":false,"M":true}'
++Rcv raw: b'\x81~\x00\x87{"e":"trade","E":1734647560020,"s":"BTCUSDT","t":4307326861,"p":"97484.84000000","q":"0.00008000","T":1734647560019,"m":false,"M":true}'
++Rcv decoded: fin=1 opcode=1 data=b'{"e":"trade","E":1734647560020,"s":"BTCUSDT","t":4307326861,"p":"97484.84000000","q":"0.00008000","T":1734647560019,"m":false,"M":true}'
++Rcv raw: b'\x81~\x00\x87{"e":"trade","E":1734647560020,"s":"BTCUSDT","t":4307326862,"p":"97484.84000000","q":"0.00008000","T":1734647560019,"m":false,"M":true}'
++Rcv decoded: fin=1 opcode=1 data=b'{"e":"trade","E":1734647560020,"s":"BTCUSDT","t":4307326862,"p":"97484.84000000","q":"0.00008000","T":1734647560019,"m":false,"M":true}'
++Rcv raw: b'\x81~\x00\x87{"e":"trade","E":1734647560020,"s":"BTCUSDT","t":4307326863,"p":"97484.84000000","q":"0.00008000","T":1734647560019,"m":false,"M":true}'
++Rcv decoded: fin=1 opcode=1 data=b'{"e":"trade","E":1734647560020,"s":"BTCUSDT","t":4307326863,"p":"97484.84000000","q":"0.00008000","T":1734647560019,"m":false,"M":true}'
++Rcv raw: b'\x81~\x00\x87{"e":"trade","E":1734647560020,"s":"BTCUSDT","t":4307326864,"p":"97484.84000000","q":"0.00008000","T":1734647560019,"m":false,"M":true}'
++Rcv decoded: fin=1 opcode=1 data=b'{"e":"trade","E":1734647560020,"s":"BTCUSDT","t":4307326864,"p":"97484.84000000","q":"0.00008000","T":1734647560019,"m":false,"M":true}'
++Rcv raw: b'\x81~\x00\x87{"e":"trade","E":1734647560020,"s":"BTCUSDT","t":4307326865,"p":"97484.84000000","q":"0.00002000","T":1734647560019,"m":false,"M":true}'
++Rcv decoded: fin=1 opcode=1 data=b'{"e":"trade","E":1734647560020,"s":"BTCUSDT","t":4307326865,"p":"97484.84000000","q":"0.00002000","T":1734647560019,"m":false,"M":true}'
++Rcv raw: b'\x81~\x00\x87{"e":"trade","E":1734647560022,"s":"BTCUSDT","t":4307326866,"p":"97484.84000000","q":"0.00006000","T":1734647560021,"m":false,"M":true}'
++Rcv decoded: fin=1 opcode=1 data=b'{"e":"trade","E":1734647560022,"s":"BTCUSDT","t":4307326866,"p":"97484.84000000","q":"0.00006000","T":1734647560021,"m":false,"M":true}'
++Rcv raw: b'\x81~\x00\x87{"e":"trade","E":1734647560022,"s":"BTCUSDT","t":4307326867,"p":"97484.84000000","q":"0.00008000","T":1734647560021,"m":false,"M":true}'
++Rcv decoded: fin=1 opcode=1 data=b'{"e":"trade","E":1734647560022,"s":"BTCUSDT","t":4307326867,"p":"97484.84000000","q":"0.00008000","T":1734647560021,"m":false,"M":true}'
++Rcv raw: b'\x81~\x00\x87{"e":"trade","E":1734647560022,"s":"BTCUSDT","t":4307326868,"p":"97484.84000000","q":"0.00008000","T":1734647560021,"m":false,"M":true}'
++Rcv decoded: fin=1 opcode=1 data=b'{"e":"trade","E":1734647560022,"s":"BTCUSDT","t":4307326868,"p":"97484.84000000","q":"0.00008000","T":1734647560021,"m":false,"M":true}'
++Rcv raw: b'\x81~\x00\x87{"e":"trade","E":1734647560022,"s":"BTCUSDT","t":4307326869,"p":"97484.84000000","q":"0.00008000","T":1734647560021,"m":false,"M":true}'
++Rcv decoded: fin=1 opcode=1 data=b'{"e":"trade","E":1734647560022,"s":"BTCUSDT","t":4307326869,"p":"97484.84000000","q":"0.00008000","T":1734647560021,"m":false,"M":true}'
++Rcv raw: b'\x81~\x00\x87{"e":"trade","E":1734647560022,"s":"BTCUSDT","t":4307326870,"p":"97484.84000000","q":"0.00008000","T":1734647560021,"m":false,"M":true}'
++Rcv decoded: fin=1 opcode=1 data=b'{"e":"trade","E":1734647560022,"s":"BTCUSDT","t":4307326870,"p":"97484.84000000","q":"0.00008000","T":1734647560021,"m":false,"M":true}'
++Rcv raw: b'\x81~\x00\x87{"e":"trade","E":1734647560146,"s":"BTCUSDT","t":4307326871,"p":"97484.85000000","q":"0.02000000","T":1734647560146,"m":false,"M":true}'
++Rcv decoded: fin=1 opcode=1 data=b'{"e":"trade","E":1734647560146,"s":"BTCUSDT","t":4307326871,"p":"97484.85000000","q":"0.02000000","T":1734647560146,"m":false,"M":true}'
++Rcv raw: b'\x81~\x00\x87{"e":"trade","E":1734647560156,"s":"BTCUSDT","t":4307326872,"p":"97484.85000000","q":"0.04860000","T":1734647560156,"m":false,"M":true}'
++Rcv decoded: fin=1 opcode=1 data=b'{"e":"trade","E":1734647560156,"s":"BTCUSDT","t":4307326872,"p":"97484.85000000","q":"0.04860000","T":1734647560156,"m":false,"M":true}'
++Rcv raw: b'\x81~\x00\x87{"e":"trade","E":1734647560156,"s":"BTCUSDT","t":4307326873,"p":"97484.85000000","q":"0.01000000","T":1734647560156,"m":false,"M":true}'
++Rcv decoded: fin=1 opcode=1 data=b'{"e":"trade","E":1734647560156,"s":"BTCUSDT","t":4307326873,"p":"97484.85000000","q":"0.01000000","T":1734647560156,"m":false,"M":true}'
++Rcv raw: b'\x81~\x00\x87{"e":"trade","E":1734647560156,"s":"BTCUSDT","t":4307326874,"p":"97484.87000000","q":"0.00006000","T":1734647560156,"m":false,"M":true}'
++Rcv decoded: fin=1 opcode=1 data=b'{"e":"trade","E":1734647560156,"s":"BTCUSDT","t":4307326874,"p":"97484.87000000","q":"0.00006000","T":1734647560156,"m":false,"M":true}'
++Rcv raw: b'\x81~\x00\x87{"e":"trade","E":1734647560156,"s":"BTCUSDT","t":4307326875,"p":"97484.87000000","q":"0.00006000","T":1734647560156,"m":false,"M":true}'
++Rcv decoded: fin=1 opcode=1 data=b'{"e":"trade","E":1734647560156,"s":"BTCUSDT","t":4307326875,"p":"97484.87000000","q":"0.00006000","T":1734647560156,"m":false,"M":true}'
++Rcv raw: b'\x81~\x00\x87{"e":"trade","E":1734647560156,"s":"BTCUSDT","t":4307326876,"p":"97484.87000000","q":"0.00006000","T":1734647560156,"m":false,"M":true}'
++Rcv decoded: fin=1 opcode=1 data=b'{"e":"trade","E":1734647560156,"s":"BTCUSDT","t":4307326876,"p":"97484.87000000","q":"0.00006000","T":1734647560156,"m":false,"M":true}'
++Rcv raw: b'\x81~\x00\x87{"e":"trade","E":1734647560156,"s":"BTCUSDT","t":4307326877,"p":"97484.87000000","q":"0.00006000","T":1734647560156,"m":false,"M":true}'
++Rcv decoded: fin=1 opcode=1 data=b'{"e":"trade","E":1734647560156,"s":"BTCUSDT","t":4307326877,"p":"97484.87000000","q":"0.00006000","T":1734647560156,"m":false,"M":true}'
++Rcv raw: b'\x81~\x00\x87{"e":"trade","E":1734647560156,"s":"BTCUSDT","t":4307326878,"p":"97484.87000000","q":"0.00006000","T":1734647560156,"m":false,"M":true}'
++Rcv decoded: fin=1 opcode=1 data=b'{"e":"trade","E":1734647560156,"s":"BTCUSDT","t":4307326878,"p":"97484.87000000","q":"0.00006000","T":1734647560156,"m":false,"M":true}'
++Rcv raw: b'\x81~\x00\x87{"e":"trade","E":1734647560156,"s":"BTCUSDT","t":4307326879,"p":"97484.87000000","q":"0.00006000","T":1734647560156,"m":false,"M":true}'
++Rcv decoded: fin=1 opcode=1 data=b'{"e":"trade","E":1734647560156,"s":"BTCUSDT","t":4307326879,"p":"97484.87000000","q":"0.00006000","T":1734647560156,"m":false,"M":true}'
++Rcv raw: b'\x81~\x00\x87{"e":"trade","E":1734647560156,"s":"BTCUSDT","t":4307326880,"p":"97485.20000000","q":"0.00006000","T":1734647560156,"m":false,"M":true}'
++Rcv decoded: fin=1 opcode=1 data=b'{"e":"trade","E":1734647560156,"s":"BTCUSDT","t":4307326880,"p":"97485.20000000","q":"0.00006000","T":1734647560156,"m":false,"M":true}'
++Rcv raw: b'\x81~\x00\x87{"e":"trade","E":1734647560156,"s":"BTCUSDT","t":4307326881,"p":"97486.50000000","q":"0.00008000","T":1734647560156,"m":false,"M":true}'
++Rcv decoded: fin=1 opcode=1 data=b'{"e":"trade","E":1734647560156,"s":"BTCUSDT","t":4307326881,"p":"97486.50000000","q":"0.00008000","T":1734647560156,"m":false,"M":true}'
++Rcv raw: b'\x81~\x00\x87{"e":"trade","E":1734647560156,"s":"BTCUSDT","t":4307326882,"p":"97486.50000000","q":"0.00029000","T":1734647560156,"m":false,"M":true}'
++Rcv decoded: fin=1 opcode=1 data=b'{"e":"trade","E":1734647560156,"s":"BTCUSDT","t":4307326882,"p":"97486.50000000","q":"0.00029000","T":1734647560156,"m":false,"M":true}'
++Rcv raw: b'\x81~\x00\x87{"e":"trade","E":1734647560156,"s":"BTCUSDT","t":4307326883,"p":"97486.50000000","q":"0.00057000","T":1734647560156,"m":false,"M":true}'
++Rcv decoded: fin=1 opcode=1 data=b'{"e":"trade","E":1734647560156,"s":"BTCUSDT","t":4307326883,"p":"97486.50000000","q":"0.00057000","T":1734647560156,"m":false,"M":true}'
++Rcv raw: b'\x81~\x00\x87{"e":"trade","E":1734647560156,"s":"BTCUSDT","t":4307326884,"p":"97486.50000000","q":"0.00008000","T":1734647560156,"m":false,"M":true}'
++Rcv decoded: fin=1 opcode=1 data=b'{"e":"trade","E":1734647560156,"s":"BTCUSDT","t":4307326884,"p":"97486.50000000","q":"0.00008000","T":1734647560156,"m":false,"M":true}'
++Rcv raw: b'\x81~\x00\x87{"e":"trade","E":1734647560156,"s":"BTCUSDT","t":4307326885,"p":"97486.50000000","q":"0.00008000","T":1734647560156,"m":false,"M":true}'
++Rcv decoded: fin=1 opcode=1 data=b'{"e":"trade","E":1734647560156,"s":"BTCUSDT","t":4307326885,"p":"97486.50000000","q":"0.00008000","T":1734647560156,"m":false,"M":true}'
++Rcv raw: b'\x81~\x00\x87{"e":"trade","E":1734647560156,"s":"BTCUSDT","t":4307326886,"p":"97486.50000000","q":"0.00008000","T":1734647560156,"m":false,"M":true}'
++Rcv decoded: fin=1 opcode=1 data=b'{"e":"trade","E":1734647560156,"s":"BTCUSDT","t":4307326886,"p":"97486.50000000","q":"0.00008000","T":1734647560156,"m":false,"M":true}'
++Rcv raw: b'\x81~\x00\x87{"e":"trade","E":1734647560156,"s":"BTCUSDT","t":4307326887,"p":"97486.50000000","q":"0.00008000","T":1734647560156,"m":false,"M":true}'
++Rcv decoded: fin=1 opcode=1 data=b'{"e":"trade","E":1734647560156,"s":"BTCUSDT","t":4307326887,"p":"97486.50000000","q":"0.00008000","T":1734647560156,"m":false,"M":true}'
++Rcv raw: b'\x81~\x00\x87{"e":"trade","E":1734647560156,"s":"BTCUSDT","t":4307326888,"p":"97486.50000000","q":"0.00008000","T":1734647560156,"m":false,"M":true}'
++Rcv decoded: fin=1 opcode=1 data=b'{"e":"trade","E":1734647560156,"s":"BTCUSDT","t":4307326888,"p":"97486.50000000","q":"0.00008000","T":1734647560156,"m":false,"M":true}'
++Rcv raw: b'\x81~\x00\x87{"e":"trade","E":1734647560156,"s":"BTCUSDT","t":4307326889,"p":"97486.50000000","q":"0.00008000","T":1734647560156,"m":false,"M":true}'
++Rcv decoded: fin=1 opcode=1 data=b'{"e":"trade","E":1734647560156,"s":"BTCUSDT","t":4307326889,"p":"97486.50000000","q":"0.00008000","T":1734647560156,"m":false,"M":true}'
++Rcv raw: b'\x81~\x00\x87{"e":"trade","E":1734647560156,"s":"BTCUSDT","t":4307326890,"p":"97486.50000000","q":"0.00008000","T":1734647560156,"m":false,"M":true}'
++Rcv decoded: fin=1 opcode=1 data=b'{"e":"trade","E":1734647560156,"s":"BTCUSDT","t":4307326890,"p":"97486.50000000","q":"0.00008000","T":1734647560156,"m":false,"M":true}'
++Rcv raw: b'\x81~\x00\x87{"e":"trade","E":1734647560156,"s":"BTCUSDT","t":4307326891,"p":"97486.50000000","q":"0.00008000","T":1734647560156,"m":false,"M":true}'
++Rcv decoded: fin=1 opcode=1 data=b'{"e":"trade","E":1734647560156,"s":"BTCUSDT","t":4307326891,"p":"97486.50000000","q":"0.00008000","T":1734647560156,"m":false,"M":true}'
++Rcv raw: b'\x81~\x00\x87{"e":"trade","E":1734647560156,"s":"BTCUSDT","t":4307326892,"p":"97486.50000000","q":"0.00008000","T":1734647560156,"m":false,"M":true}'
++Rcv decoded: fin=1 opcode=1 data=b'{"e":"trade","E":1734647560156,"s":"BTCUSDT","t":4307326892,"p":"97486.50000000","q":"0.00008000","T":1734647560156,"m":false,"M":true}'
++Rcv raw: b'\x81~\x00\x86{"e":"trade","E":1734647560159,"s":"BTCUSDT","t":4307326893,"p":"97486.91000000","q":"0.00006000","T":1734647560159,"m":true,"M":true}'
++Rcv decoded: fin=1 opcode=1 data=b'{"e":"trade","E":1734647560159,"s":"BTCUSDT","t":4307326893,"p":"97486.91000000","q":"0.00006000","T":1734647560159,"m":true,"M":true}'
++Rcv raw: b'\x81~\x00\x87{"e":"trade","E":1734647560160,"s":"BTCUSDT","t":4307326894,"p":"97486.92000000","q":"0.00006000","T":1734647560160,"m":false,"M":true}'
++Rcv decoded: fin=1 opcode=1 data=b'{"e":"trade","E":1734647560160,"s":"BTCUSDT","t":4307326894,"p":"97486.92000000","q":"0.00006000","T":1734647560160,"m":false,"M":true}'
++Rcv raw: b'\x81~\x00\x87{"e":"trade","E":1734647560178,"s":"BTCUSDT","t":4307326895,"p":"97486.92000000","q":"0.00002000","T":1734647560177,"m":false,"M":true}'
++Rcv decoded: fin=1 opcode=1 data=b'{"e":"trade","E":1734647560178,"s":"BTCUSDT","t":4307326895,"p":"97486.92000000","q":"0.00002000","T":1734647560177,"m":false,"M":true}'
++Rcv raw: b'\x81~\x00\x87{"e":"trade","E":1734647560178,"s":"BTCUSDT","t":4307326896,"p":"97486.92000000","q":"0.00008000","T":1734647560177,"m":false,"M":true}'
++Rcv decoded: fin=1 opcode=1 data=b'{"e":"trade","E":1734647560178,"s":"BTCUSDT","t":4307326896,"p":"97486.92000000","q":"0.00008000","T":1734647560177,"m":false,"M":true}'
++Rcv raw: b'\x81~\x00\x87{"e":"trade","E":1734647560178,"s":"BTCUSDT","t":4307326897,"p":"97486.92000000","q":"0.00008000","T":1734647560177,"m":false,"M":true}'
++Rcv decoded: fin=1 opcode=1 data=b'{"e":"trade","E":1734647560178,"s":"BTCUSDT","t":4307326897,"p":"97486.92000000","q":"0.00008000","T":1734647560177,"m":false,"M":true}'
++Rcv raw: b'\x81~\x00\x87{"e":"trade","E":1734647560178,"s":"BTCUSDT","t":4307326898,"p":"97486.92000000","q":"0.00008000","T":1734647560177,"m":false,"M":true}'
++Rcv decoded: fin=1 opcode=1 data=b'{"e":"trade","E":1734647560178,"s":"BTCUSDT","t":4307326898,"p":"97486.92000000","q":"0.00008000","T":1734647560177,"m":false,"M":true}'
++Rcv raw: b'\x81~\x00\x87{"e":"trade","E":1734647560178,"s":"BTCUSDT","t":4307326899,"p":"97486.92000000","q":"0.00008000","T":1734647560177,"m":false,"M":true}'
++Rcv decoded: fin=1 opcode=1 data=b'{"e":"trade","E":1734647560178,"s":"BTCUSDT","t":4307326899,"p":"97486.92000000","q":"0.00008000","T":1734647560177,"m":false,"M":true}'
++Rcv raw: b'\x81~\x00\x87{"e":"trade","E":1734647560178,"s":"BTCUSDT","t":4307326900,"p":"97486.92000000","q":"0.00008000","T":1734647560177,"m":false,"M":true}'
++Rcv decoded: fin=1 opcode=1 data=b'{"e":"trade","E":1734647560178,"s":"BTCUSDT","t":4307326900,"p":"97486.92000000","q":"0.00008000","T":1734647560177,"m":false,"M":true}'
++Rcv raw: b'\x81~\x00\x87{"e":"trade","E":1734647560178,"s":"BTCUSDT","t":4307326901,"p":"97486.92000000","q":"0.00008000","T":1734647560177,"m":false,"M":true}'
++Rcv decoded: fin=1 opcode=1 data=b'{"e":"trade","E":1734647560178,"s":"BTCUSDT","t":4307326901,"p":"97486.92000000","q":"0.00008000","T":1734647560177,"m":false,"M":true}'
++Rcv raw: b'\x81~\x00\x87{"e":"trade","E":1734647560178,"s":"BTCUSDT","t":4307326902,"p":"97486.92000000","q":"0.00008000","T":1734647560177,"m":false,"M":true}'
++Rcv decoded: fin=1 opcode=1 data=b'{"e":"trade","E":1734647560178,"s":"BTCUSDT","t":4307326902,"p":"97486.92000000","q":"0.00008000","T":1734647560177,"m":false,"M":true}'
++Rcv raw: b'\x81~\x00\x87{"e":"trade","E":1734647560178,"s":"BTCUSDT","t":4307326903,"p":"97486.92000000","q":"0.00008000","T":1734647560177,"m":false,"M":true}'
++Rcv decoded: fin=1 opcode=1 data=b'{"e":"trade","E":1734647560178,"s":"BTCUSDT","t":4307326903,"p":"97486.92000000","q":"0.00008000","T":1734647560177,"m":false,"M":true}'
++Rcv raw: b'\x81~\x00\x87{"e":"trade","E":1734647560178,"s":"BTCUSDT","t":4307326904,"p":"97486.92000000","q":"0.00008000","T":1734647560177,"m":false,"M":true}'
++Rcv decoded: fin=1 opcode=1 data=b'{"e":"trade","E":1734647560178,"s":"BTCUSDT","t":4307326904,"p":"97486.92000000","q":"0.00008000","T":1734647560177,"m":false,"M":true}'
++Rcv raw: b'\x81~\x00\x87{"e":"trade","E":1734647560178,"s":"BTCUSDT","t":4307326905,"p":"97488.00000000","q":"0.00010000","T":1734647560177,"m":false,"M":true}'
++Rcv decoded: fin=1 opcode=1 data=b'{"e":"trade","E":1734647560178,"s":"BTCUSDT","t":4307326905,"p":"97488.00000000","q":"0.00010000","T":1734647560177,"m":false,"M":true}'
++Rcv raw: b'\x81~\x00\x86{"e":"trade","E":1734647560179,"s":"BTCUSDT","t":4307326906,"p":"97488.71000000","q":"0.00006000","T":1734647560179,"m":true,"M":true}'
++Rcv decoded: fin=1 opcode=1 data=b'{"e":"trade","E":1734647560179,"s":"BTCUSDT","t":4307326906,"p":"97488.71000000","q":"0.00006000","T":1734647560179,"m":true,"M":true}'
++Rcv raw: b'\x81~\x00\x87{"e":"trade","E":1734647560184,"s":"BTCUSDT","t":4307326907,"p":"97489.83000000","q":"0.00042000","T":1734647560183,"m":false,"M":true}'
++Rcv decoded: fin=1 opcode=1 data=b'{"e":"trade","E":1734647560184,"s":"BTCUSDT","t":4307326907,"p":"97489.83000000","q":"0.00042000","T":1734647560183,"m":false,"M":true}'
++Rcv raw: b'\x81~\x00\x87{"e":"trade","E":1734647560200,"s":"BTCUSDT","t":4307326908,"p":"97489.83000000","q":"0.01958000","T":1734647560199,"m":false,"M":true}'
++Rcv decoded: fin=1 opcode=1 data=b'{"e":"trade","E":1734647560200,"s":"BTCUSDT","t":4307326908,"p":"97489.83000000","q":"0.01958000","T":1734647560199,"m":false,"M":true}'
++Rcv raw: b'\x81~\x00\x87{"e":"trade","E":1734647560200,"s":"BTCUSDT","t":4307326909,"p":"97490.25000000","q":"0.00006000","T":1734647560199,"m":false,"M":true}'
++Rcv decoded: fin=1 opcode=1 data=b'{"e":"trade","E":1734647560200,"s":"BTCUSDT","t":4307326909,"p":"97490.25000000","q":"0.00006000","T":1734647560199,"m":false,"M":true}'
++Rcv raw: b'\x81~\x00\x87{"e":"trade","E":1734647560200,"s":"BTCUSDT","t":4307326910,"p":"97490.45000000","q":"0.00300000","T":1734647560199,"m":false,"M":true}'
++Rcv decoded: fin=1 opcode=1 data=b'{"e":"trade","E":1734647560200,"s":"BTCUSDT","t":4307326910,"p":"97490.45000000","q":"0.00300000","T":1734647560199,"m":false,"M":true}'
++Rcv raw: b'\x81~\x00\x87{"e":"trade","E":1734647560200,"s":"BTCUSDT","t":4307326911,"p":"97491.01000000","q":"0.00666000","T":1734647560199,"m":false,"M":true}'
++Rcv decoded: fin=1 opcode=1 data=b'{"e":"trade","E":1734647560200,"s":"BTCUSDT","t":4307326911,"p":"97491.01000000","q":"0.00666000","T":1734647560199,"m":false,"M":true}'
++Rcv raw: b'\x81~\x00\x87{"e":"trade","E":1734647560200,"s":"BTCUSDT","t":4307326912,"p":"97491.10000000","q":"0.00043000","T":1734647560199,"m":false,"M":true}'
++Rcv decoded: fin=1 opcode=1 data=b'{"e":"trade","E":1734647560200,"s":"BTCUSDT","t":4307326912,"p":"97491.10000000","q":"0.00043000","T":1734647560199,"m":false,"M":true}'
++Rcv raw: b'\x81~\x00\x87{"e":"trade","E":1734647560200,"s":"BTCUSDT","t":4307326913,"p":"97491.11000000","q":"0.02040000","T":1734647560199,"m":false,"M":true}'
++Rcv decoded: fin=1 opcode=1 data=b'{"e":"trade","E":1734647560200,"s":"BTCUSDT","t":4307326913,"p":"97491.11000000","q":"0.02040000","T":1734647560199,"m":false,"M":true}'
++Rcv raw: b'\x81~\x00\x87{"e":"trade","E":1734647560200,"s":"BTCUSDT","t":4307326914,"p":"97491.12000000","q":"0.00008000","T":1734647560199,"m":false,"M":true}'
++Rcv decoded: fin=1 opcode=1 data=b'{"e":"trade","E":1734647560200,"s":"BTCUSDT","t":4307326914,"p":"97491.12000000","q":"0.00008000","T":1734647560199,"m":false,"M":true}'
++Rcv raw: b'\x81~\x00\x87{"e":"trade","E":1734647560200,"s":"BTCUSDT","t":4307326915,"p":"97491.12000000","q":"0.00008000","T":1734647560199,"m":false,"M":true}'
++Rcv decoded: fin=1 opcode=1 data=b'{"e":"trade","E":1734647560200,"s":"BTCUSDT","t":4307326915,"p":"97491.12000000","q":"0.00008000","T":1734647560199,"m":false,"M":true}'
++Rcv raw: b'\x81~\x00\x87{"e":"trade","E":1734647560200,"s":"BTCUSDT","t":4307326916,"p":"97491.12000000","q":"0.00008000","T":1734647560199,"m":false,"M":true}'
++Rcv decoded: fin=1 opcode=1 data=b'{"e":"trade","E":1734647560200,"s":"BTCUSDT","t":4307326916,"p":"97491.12000000","q":"0.00008000","T":1734647560199,"m":false,"M":true}'
++Rcv raw: b'\x81~\x00\x87{"e":"trade","E":1734647560200,"s":"BTCUSDT","t":4307326917,"p":"97491.12000000","q":"0.00008000","T":1734647560199,"m":false,"M":true}'
++Rcv decoded: fin=1 opcode=1 data=b'{"e":"trade","E":1734647560200,"s":"BTCUSDT","t":4307326917,"p":"97491.12000000","q":"0.00008000","T":1734647560199,"m":false,"M":true}'
++Rcv raw: b'\x81~\x00\x87{"e":"trade","E":1734647560200,"s":"BTCUSDT","t":4307326918,"p":"97491.12000000","q":"0.00008000","T":1734647560199,"m":false,"M":true}'
++Rcv decoded: fin=1 opcode=1 data=b'{"e":"trade","E":1734647560200,"s":"BTCUSDT","t":4307326918,"p":"97491.12000000","q":"0.00008000","T":1734647560199,"m":false,"M":true}'
++Rcv raw: b'\x81~\x00\x87{"e":"trade","E":1734647560200,"s":"BTCUSDT","t":4307326919,"p":"97491.12000000","q":"0.00008000","T":1734647560199,"m":false,"M":true}'
++Rcv decoded: fin=1 opcode=1 data=b'{"e":"trade","E":1734647560200,"s":"BTCUSDT","t":4307326919,"p":"97491.12000000","q":"0.00008000","T":1734647560199,"m":false,"M":true}'
++Rcv raw: b'\x81~\x00\x87{"e":"trade","E":1734647560200,"s":"BTCUSDT","t":4307326920,"p":"97491.12000000","q":"0.00008000","T":1734647560199,"m":false,"M":true}'
++Rcv decoded: fin=1 opcode=1 data=b'{"e":"trade","E":1734647560200,"s":"BTCUSDT","t":4307326920,"p":"97491.12000000","q":"0.00008000","T":1734647560199,"m":false,"M":true}'
++Rcv raw: b'\x81~\x00\x87{"e":"trade","E":1734647560200,"s":"BTCUSDT","t":4307326921,"p":"97491.12000000","q":"0.00008000","T":1734647560199,"m":false,"M":true}'
++Rcv decoded: fin=1 opcode=1 data=b'{"e":"trade","E":1734647560200,"s":"BTCUSDT","t":4307326921,"p":"97491.12000000","q":"0.00008000","T":1734647560199,"m":false,"M":true}'
++Rcv raw: b'\x81~\x00\x87{"e":"trade","E":1734647560200,"s":"BTCUSDT","t":4307326922,"p":"97491.12000000","q":"0.00008000","T":1734647560199,"m":false,"M":true}'
++Rcv decoded: fin=1 opcode=1 data=b'{"e":"trade","E":1734647560200,"s":"BTCUSDT","t":4307326922,"p":"97491.12000000","q":"0.00008000","T":1734647560199,"m":false,"M":true}'
++Rcv raw: b'\x81~\x00\x87{"e":"trade","E":1734647560200,"s":"BTCUSDT","t":4307326923,"p":"97491.12000000","q":"0.00008000","T":1734647560199,"m":false,"M":true}'
++Rcv decoded: fin=1 opcode=1 data=b'{"e":"trade","E":1734647560200,"s":"BTCUSDT","t":4307326923,"p":"97491.12000000","q":"0.00008000","T":1734647560199,"m":false,"M":true}'
++Rcv raw: b'\x81~\x00\x86{"e":"trade","E":1734647560200,"s":"BTCUSDT","t":4307326924,"p":"97491.12000000","q":"0.00006000","T":1734647560199,"m":true,"M":true}'
++Rcv decoded: fin=1 opcode=1 data=b'{"e":"trade","E":1734647560200,"s":"BTCUSDT","t":4307326924,"p":"97491.12000000","q":"0.00006000","T":1734647560199,"m":true,"M":true}'
++Rcv raw: b'\x81~\x00\x87{"e":"trade","E":1734647560203,"s":"BTCUSDT","t":4307326925,"p":"97491.13000000","q":"0.00006000","T":1734647560202,"m":false,"M":true}'
++Rcv decoded: fin=1 opcode=1 data=b'{"e":"trade","E":1734647560203,"s":"BTCUSDT","t":4307326925,"p":"97491.13000000","q":"0.00006000","T":1734647560202,"m":false,"M":true}'
++Rcv raw: b'\x81~\x00\x87{"e":"trade","E":1734647560386,"s":"BTCUSDT","t":4307326926,"p":"97491.13000000","q":"0.00016000","T":1734647560385,"m":false,"M":true}'
++Rcv decoded: fin=1 opcode=1 data=b'{"e":"trade","E":1734647560386,"s":"BTCUSDT","t":4307326926,"p":"97491.13000000","q":"0.00016000","T":1734647560385,"m":false,"M":true}'
++Rcv raw: b'\x81~\x00\x87{"e":"trade","E":1734647560396,"s":"BTCUSDT","t":4307326927,"p":"97491.13000000","q":"0.05130000","T":1734647560395,"m":false,"M":true}'
++Rcv decoded: fin=1 opcode=1 data=b'{"e":"trade","E":1734647560396,"s":"BTCUSDT","t":4307326927,"p":"97491.13000000","q":"0.05130000","T":1734647560395,"m":false,"M":true}'
++Rcv raw: b'\x81~\x00\x86{"e":"trade","E":1734647560819,"s":"BTCUSDT","t":4307326928,"p":"97491.12000000","q":"0.00100000","T":1734647560818,"m":true,"M":true}'
++Rcv decoded: fin=1 opcode=1 data=b'{"e":"trade","E":1734647560819,"s":"BTCUSDT","t":4307326928,"p":"97491.12000000","q":"0.00100000","T":1734647560818,"m":true,"M":true}'
++Rcv raw: b'\x81~\x00\x86{"e":"trade","E":1734647560887,"s":"BTCUSDT","t":4307326929,"p":"97491.12000000","q":"0.00345000","T":1734647560887,"m":true,"M":true}'
++Rcv decoded: fin=1 opcode=1 data=b'{"e":"trade","E":1734647560887,"s":"BTCUSDT","t":4307326929,"p":"97491.12000000","q":"0.00345000","T":1734647560887,"m":true,"M":true}'
++Rcv raw: b'\x81~\x00\x86{"e":"trade","E":1734647561035,"s":"BTCUSDT","t":4307326930,"p":"97491.12000000","q":"0.00020000","T":1734647561035,"m":true,"M":true}'
++Rcv decoded: fin=1 opcode=1 data=b'{"e":"trade","E":1734647561035,"s":"BTCUSDT","t":4307326930,"p":"97491.12000000","q":"0.00020000","T":1734647561035,"m":true,"M":true}'
++Rcv raw: b'\x81~\x00\x86{"e":"trade","E":1734647561126,"s":"BTCUSDT","t":4307326931,"p":"97491.12000000","q":"0.01251000","T":1734647561126,"m":true,"M":true}'
++Rcv decoded: fin=1 opcode=1 data=b'{"e":"trade","E":1734647561126,"s":"BTCUSDT","t":4307326931,"p":"97491.12000000","q":"0.01251000","T":1734647561126,"m":true,"M":true}'
++Rcv raw: b'\x81~\x00\x86{"e":"trade","E":1734647561126,"s":"BTCUSDT","t":4307326932,"p":"97491.12000000","q":"0.01251000","T":1734647561126,"m":true,"M":true}'
++Rcv decoded: fin=1 opcode=1 data=b'{"e":"trade","E":1734647561126,"s":"BTCUSDT","t":4307326932,"p":"97491.12000000","q":"0.01251000","T":1734647561126,"m":true,"M":true}'
++Rcv raw: b'\x81~\x00\x86{"e":"trade","E":1734647561126,"s":"BTCUSDT","t":4307326933,"p":"97491.12000000","q":"0.00541000","T":1734647561126,"m":true,"M":true}'
++Rcv decoded: fin=1 opcode=1 data=b'{"e":"trade","E":1734647561126,"s":"BTCUSDT","t":4307326933,"p":"97491.12000000","q":"0.00541000","T":1734647561126,"m":true,"M":true}'
++Rcv raw: b'\x81~\x00\x86{"e":"trade","E":1734647561135,"s":"BTCUSDT","t":4307326934,"p":"97491.12000000","q":"0.01488000","T":1734647561135,"m":true,"M":true}'
++Rcv decoded: fin=1 opcode=1 data=b'{"e":"trade","E":1734647561135,"s":"BTCUSDT","t":4307326934,"p":"97491.12000000","q":"0.01488000","T":1734647561135,"m":true,"M":true}'
++Rcv raw: b'\x81~\x00\x87{"e":"trade","E":1734647561416,"s":"BTCUSDT","t":4307326935,"p":"97491.13000000","q":"0.05361000","T":1734647561415,"m":false,"M":true}'
++Rcv decoded: fin=1 opcode=1 data=b'{"e":"trade","E":1734647561416,"s":"BTCUSDT","t":4307326935,"p":"97491.13000000","q":"0.05361000","T":1734647561415,"m":false,"M":true}'
++Rcv raw: b'\x81~\x00\x87{"e":"trade","E":1734647561416,"s":"BTCUSDT","t":4307326936,"p":"97491.15000000","q":"0.00006000","T":1734647561415,"m":false,"M":true}'
++Rcv decoded: fin=1 opcode=1 data=b'{"e":"trade","E":1734647561416,"s":"BTCUSDT","t":4307326936,"p":"97491.15000000","q":"0.00006000","T":1734647561415,"m":false,"M":true}'
++Rcv raw: b'\x81~\x00\x87{"e":"trade","E":1734647561416,"s":"BTCUSDT","t":4307326937,"p":"97491.15000000","q":"0.00006000","T":1734647561415,"m":false,"M":true}'
++Rcv decoded: fin=1 opcode=1 data=b'{"e":"trade","E":1734647561416,"s":"BTCUSDT","t":4307326937,"p":"97491.15000000","q":"0.00006000","T":1734647561415,"m":false,"M":true}'
++Rcv raw: b'\x81~\x00\x87{"e":"trade","E":1734647561416,"s":"BTCUSDT","t":4307326938,"p":"97491.15000000","q":"0.00006000","T":1734647561415,"m":false,"M":true}'
++Rcv decoded: fin=1 opcode=1 data=b'{"e":"trade","E":1734647561416,"s":"BTCUSDT","t":4307326938,"p":"97491.15000000","q":"0.00006000","T":1734647561415,"m":false,"M":true}'
++Rcv raw: b'\x81~\x00\x87{"e":"trade","E":1734647561416,"s":"BTCUSDT","t":4307326939,"p":"97491.15000000","q":"0.00006000","T":1734647561415,"m":false,"M":true}'
++Rcv decoded: fin=1 opcode=1 data=b'{"e":"trade","E":1734647561416,"s":"BTCUSDT","t":4307326939,"p":"97491.15000000","q":"0.00006000","T":1734647561415,"m":false,"M":true}'
++Rcv raw: b'\x81~\x00\x87{"e":"trade","E":1734647561416,"s":"BTCUSDT","t":4307326940,"p":"97491.15000000","q":"0.00006000","T":1734647561415,"m":false,"M":true}'
++Rcv decoded: fin=1 opcode=1 data=b'{"e":"trade","E":1734647561416,"s":"BTCUSDT","t":4307326940,"p":"97491.15000000","q":"0.00006000","T":1734647561415,"m":false,"M":true}'
++Rcv raw: b'\x81~\x00\x87{"e":"trade","E":1734647561416,"s":"BTCUSDT","t":4307326941,"p":"97491.15000000","q":"0.00006000","T":1734647561415,"m":false,"M":true}'
++Rcv decoded: fin=1 opcode=1 data=b'{"e":"trade","E":1734647561416,"s":"BTCUSDT","t":4307326941,"p":"97491.15000000","q":"0.00006000","T":1734647561415,"m":false,"M":true}'
++Rcv raw: b'\x81~\x00\x87{"e":"trade","E":1734647561416,"s":"BTCUSDT","t":4307326942,"p":"97491.15000000","q":"0.00006000","T":1734647561415,"m":false,"M":true}'
++Rcv decoded: fin=1 opcode=1 data=b'{"e":"trade","E":1734647561416,"s":"BTCUSDT","t":4307326942,"p":"97491.15000000","q":"0.00006000","T":1734647561415,"m":false,"M":true}'
++Rcv raw: b'\x81~\x00\x87{"e":"trade","E":1734647561416,"s":"BTCUSDT","t":4307326943,"p":"97491.15000000","q":"0.00006000","T":1734647561415,"m":false,"M":true}'
++Rcv decoded: fin=1 opcode=1 data=b'{"e":"trade","E":1734647561416,"s":"BTCUSDT","t":4307326943,"p":"97491.15000000","q":"0.00006000","T":1734647561415,"m":false,"M":true}'
++Rcv raw: b'\x81~\x00\x87{"e":"trade","E":1734647561416,"s":"BTCUSDT","t":4307326944,"p":"97491.15000000","q":"0.00006000","T":1734647561415,"m":false,"M":true}'
++Rcv decoded: fin=1 opcode=1 data=b'{"e":"trade","E":1734647561416,"s":"BTCUSDT","t":4307326944,"p":"97491.15000000","q":"0.00006000","T":1734647561415,"m":false,"M":true}'
++Rcv raw: b'\x81~\x00\x87{"e":"trade","E":1734647561416,"s":"BTCUSDT","t":4307326945,"p":"97491.15000000","q":"0.00006000","T":1734647561415,"m":false,"M":true}'
++Rcv decoded: fin=1 opcode=1 data=b'{"e":"trade","E":1734647561416,"s":"BTCUSDT","t":4307326945,"p":"97491.15000000","q":"0.00006000","T":1734647561415,"m":false,"M":true}'
++Rcv raw: b'\x81~\x00\x87{"e":"trade","E":1734647561416,"s":"BTCUSDT","t":4307326946,"p":"97491.84000000","q":"0.00008000","T":1734647561415,"m":false,"M":true}'
++Rcv decoded: fin=1 opcode=1 data=b'{"e":"trade","E":1734647561416,"s":"BTCUSDT","t":4307326946,"p":"97491.84000000","q":"0.00008000","T":1734647561415,"m":false,"M":true}'
++Rcv raw: b'\x81~\x00\x87{"e":"trade","E":1734647561416,"s":"BTCUSDT","t":4307326947,"p":"97491.84000000","q":"0.00027000","T":1734647561415,"m":false,"M":true}'
++Rcv decoded: fin=1 opcode=1 data=b'{"e":"trade","E":1734647561416,"s":"BTCUSDT","t":4307326947,"p":"97491.84000000","q":"0.00027000","T":1734647561415,"m":false,"M":true}'
++Rcv raw: b'\x81~\x00\x87{"e":"trade","E":1734647561416,"s":"BTCUSDT","t":4307326948,"p":"97491.84000000","q":"0.00008000","T":1734647561415,"m":false,"M":true}'
++Rcv decoded: fin=1 opcode=1 data=b'{"e":"trade","E":1734647561416,"s":"BTCUSDT","t":4307326948,"p":"97491.84000000","q":"0.00008000","T":1734647561415,"m":false,"M":true}'
++Rcv raw: b'\x81~\x00\x87{"e":"trade","E":1734647561416,"s":"BTCUSDT","t":4307326949,"p":"97491.84000000","q":"0.00008000","T":1734647561415,"m":false,"M":true}'
++Rcv decoded: fin=1 opcode=1 data=b'{"e":"trade","E":1734647561416,"s":"BTCUSDT","t":4307326949,"p":"97491.84000000","q":"0.00008000","T":1734647561415,"m":false,"M":true}'
++Rcv raw: b'\x81~\x00\x87{"e":"trade","E":1734647561416,"s":"BTCUSDT","t":4307326950,"p":"97491.84000000","q":"0.00008000","T":1734647561415,"m":false,"M":true}'
++Rcv decoded: fin=1 opcode=1 data=b'{"e":"trade","E":1734647561416,"s":"BTCUSDT","t":4307326950,"p":"97491.84000000","q":"0.00008000","T":1734647561415,"m":false,"M":true}'
++Rcv raw: b'\x81~\x00\x87{"e":"trade","E":1734647561416,"s":"BTCUSDT","t":4307326951,"p":"97491.84000000","q":"0.00008000","T":1734647561415,"m":false,"M":true}'
++Rcv decoded: fin=1 opcode=1 data=b'{"e":"trade","E":1734647561416,"s":"BTCUSDT","t":4307326951,"p":"97491.84000000","q":"0.00008000","T":1734647561415,"m":false,"M":true}'
++Rcv raw: b'\x81~\x00\x87{"e":"trade","E":1734647561416,"s":"BTCUSDT","t":4307326952,"p":"97491.84000000","q":"0.00008000","T":1734647561415,"m":false,"M":true}'
++Rcv decoded: fin=1 opcode=1 data=b'{"e":"trade","E":1734647561416,"s":"BTCUSDT","t":4307326952,"p":"97491.84000000","q":"0.00008000","T":1734647561415,"m":false,"M":true}'
++Rcv raw: b'\x81~\x00\x87{"e":"trade","E":1734647561416,"s":"BTCUSDT","t":4307326953,"p":"97491.84000000","q":"0.00008000","T":1734647561415,"m":false,"M":true}'
++Rcv decoded: fin=1 opcode=1 data=b'{"e":"trade","E":1734647561416,"s":"BTCUSDT","t":4307326953,"p":"97491.84000000","q":"0.00008000","T":1734647561415,"m":false,"M":true}'
++Rcv raw: b'\x81~\x00\x87{"e":"trade","E":1734647561416,"s":"BTCUSDT","t":4307326954,"p":"97491.84000000","q":"0.00008000","T":1734647561415,"m":false,"M":true}'
++Rcv decoded: fin=1 opcode=1 data=b'{"e":"trade","E":1734647561416,"s":"BTCUSDT","t":4307326954,"p":"97491.84000000","q":"0.00008000","T":1734647561415,"m":false,"M":true}'
++Rcv raw: b'\x81~\x00\x87{"e":"trade","E":1734647561416,"s":"BTCUSDT","t":4307326955,"p":"97491.84000000","q":"0.00008000","T":1734647561415,"m":false,"M":true}'
++Rcv decoded: fin=1 opcode=1 data=b'{"e":"trade","E":1734647561416,"s":"BTCUSDT","t":4307326955,"p":"97491.84000000","q":"0.00008000","T":1734647561415,"m":false,"M":true}'
++Rcv raw: b'\x81~\x00\x87{"e":"trade","E":1734647561416,"s":"BTCUSDT","t":4307326956,"p":"97491.84000000","q":"0.00008000","T":1734647561415,"m":false,"M":true}'
++Rcv decoded: fin=1 opcode=1 data=b'{"e":"trade","E":1734647561416,"s":"BTCUSDT","t":4307326956,"p":"97491.84000000","q":"0.00008000","T":1734647561415,"m":false,"M":true}'
++Rcv raw: b'\x81~\x00\x87{"e":"trade","E":1734647561419,"s":"BTCUSDT","t":4307326957,"p":"97491.85000000","q":"0.00006000","T":1734647561418,"m":false,"M":true}'
++Rcv decoded: fin=1 opcode=1 data=b'{"e":"trade","E":1734647561419,"s":"BTCUSDT","t":4307326957,"p":"97491.85000000","q":"0.00006000","T":1734647561418,"m":false,"M":true}'
++Rcv raw: b'\x81~\x00\x87{"e":"trade","E":1734647561609,"s":"BTCUSDT","t":4307326958,"p":"97491.85000000","q":"0.00054000","T":1734647561608,"m":false,"M":true}'
++Rcv decoded: fin=1 opcode=1 data=b'{"e":"trade","E":1734647561609,"s":"BTCUSDT","t":4307326958,"p":"97491.85000000","q":"0.00054000","T":1734647561608,"m":false,"M":true}'
++Rcv raw: b'\x81~\x00\x86{"e":"trade","E":1734647562168,"s":"BTCUSDT","t":4307326959,"p":"97491.84000000","q":"0.00037000","T":1734647562168,"m":true,"M":true}'
++Rcv decoded: fin=1 opcode=1 data=b'{"e":"trade","E":1734647562168,"s":"BTCUSDT","t":4307326959,"p":"97491.84000000","q":"0.00037000","T":1734647562168,"m":true,"M":true}'
++Rcv raw: b'\x81~\x00\x87{"e":"trade","E":1734647562274,"s":"BTCUSDT","t":4307326960,"p":"97491.85000000","q":"0.00070000","T":1734647562274,"m":false,"M":true}'
++Rcv decoded: fin=1 opcode=1 data=b'{"e":"trade","E":1734647562274,"s":"BTCUSDT","t":4307326960,"p":"97491.85000000","q":"0.00070000","T":1734647562274,"m":false,"M":true}'
++Rcv raw: b'\x81~\x00\x87{"e":"trade","E":1734647562292,"s":"BTCUSDT","t":4307326961,"p":"97491.85000000","q":"0.02070000","T":1734647562292,"m":false,"M":true}'
++Rcv decoded: fin=1 opcode=1 data=b'{"e":"trade","E":1734647562292,"s":"BTCUSDT","t":4307326961,"p":"97491.85000000","q":"0.02070000","T":1734647562292,"m":false,"M":true}'
++Rcv raw: b'\x81~\x00\x87{"e":"trade","E":1734647562292,"s":"BTCUSDT","t":4307326962,"p":"97491.85000000","q":"0.00099000","T":1734647562292,"m":false,"M":true}'
++Rcv decoded: fin=1 opcode=1 data=b'{"e":"trade","E":1734647562292,"s":"BTCUSDT","t":4307326962,"p":"97491.85000000","q":"0.00099000","T":1734647562292,"m":false,"M":true}'
++Rcv raw: b'\x81~\x00\x87{"e":"trade","E":1734647562292,"s":"BTCUSDT","t":4307326963,"p":"97491.87000000","q":"0.00006000","T":1734647562292,"m":false,"M":true}'
++Rcv decoded: fin=1 opcode=1 data=b'{"e":"trade","E":1734647562292,"s":"BTCUSDT","t":4307326963,"p":"97491.87000000","q":"0.00006000","T":1734647562292,"m":false,"M":true}'
++Rcv raw: b'\x81~\x00\x87{"e":"trade","E":1734647562292,"s":"BTCUSDT","t":4307326964,"p":"97491.87000000","q":"0.00006000","T":1734647562292,"m":false,"M":true}'
++Rcv decoded: fin=1 opcode=1 data=b'{"e":"trade","E":1734647562292,"s":"BTCUSDT","t":4307326964,"p":"97491.87000000","q":"0.00006000","T":1734647562292,"m":false,"M":true}'
++Rcv raw: b'\x81~\x00\x87{"e":"trade","E":1734647562292,"s":"BTCUSDT","t":4307326965,"p":"97491.87000000","q":"0.00006000","T":1734647562292,"m":false,"M":true}'
++Rcv decoded: fin=1 opcode=1 data=b'{"e":"trade","E":1734647562292,"s":"BTCUSDT","t":4307326965,"p":"97491.87000000","q":"0.00006000","T":1734647562292,"m":false,"M":true}'
++Rcv raw: b'\x81~\x00\x87{"e":"trade","E":1734647562292,"s":"BTCUSDT","t":4307326966,"p":"97491.87000000","q":"0.00006000","T":1734647562292,"m":false,"M":true}'
++Rcv decoded: fin=1 opcode=1 data=b'{"e":"trade","E":1734647562292,"s":"BTCUSDT","t":4307326966,"p":"97491.87000000","q":"0.00006000","T":1734647562292,"m":false,"M":true}'
++Rcv raw: b'\x81~\x00\x87{"e":"trade","E":1734647562292,"s":"BTCUSDT","t":4307326967,"p":"97491.87000000","q":"0.00006000","T":1734647562292,"m":false,"M":true}'
++Rcv decoded: fin=1 opcode=1 data=b'{"e":"trade","E":1734647562292,"s":"BTCUSDT","t":4307326967,"p":"97491.87000000","q":"0.00006000","T":1734647562292,"m":false,"M":true}'
++Rcv raw: b'\x81~\x00\x87{"e":"trade","E":1734647562292,"s":"BTCUSDT","t":4307326968,"p":"97491.87000000","q":"0.00006000","T":1734647562292,"m":false,"M":true}'
++Rcv decoded: fin=1 opcode=1 data=b'{"e":"trade","E":1734647562292,"s":"BTCUSDT","t":4307326968,"p":"97491.87000000","q":"0.00006000","T":1734647562292,"m":false,"M":true}'
++Rcv raw: b'\x81~\x00\x87{"e":"trade","E":1734647562292,"s":"BTCUSDT","t":4307326969,"p":"97491.87000000","q":"0.00006000","T":1734647562292,"m":false,"M":true}'
++Rcv decoded: fin=1 opcode=1 data=b'{"e":"trade","E":1734647562292,"s":"BTCUSDT","t":4307326969,"p":"97491.87000000","q":"0.00006000","T":1734647562292,"m":false,"M":true}'
++Rcv raw: b'\x81~\x00\x87{"e":"trade","E":1734647562292,"s":"BTCUSDT","t":4307326970,"p":"97491.87000000","q":"0.00006000","T":1734647562292,"m":false,"M":true}'
++Rcv decoded: fin=1 opcode=1 data=b'{"e":"trade","E":1734647562292,"s":"BTCUSDT","t":4307326970,"p":"97491.87000000","q":"0.00006000","T":1734647562292,"m":false,"M":true}'
++Rcv raw: b'\x81~\x00\x87{"e":"trade","E":1734647562292,"s":"BTCUSDT","t":4307326971,"p":"97491.87000000","q":"0.00006000","T":1734647562292,"m":false,"M":true}'
++Rcv decoded: fin=1 opcode=1 data=b'{"e":"trade","E":1734647562292,"s":"BTCUSDT","t":4307326971,"p":"97491.87000000","q":"0.00006000","T":1734647562292,"m":false,"M":true}'
++Rcv raw: b'\x81~\x00\x87{"e":"trade","E":1734647562292,"s":"BTCUSDT","t":4307326972,"p":"97491.87000000","q":"0.00006000","T":1734647562292,"m":false,"M":true}'
++Rcv decoded: fin=1 opcode=1 data=b'{"e":"trade","E":1734647562292,"s":"BTCUSDT","t":4307326972,"p":"97491.87000000","q":"0.00006000","T":1734647562292,"m":false,"M":true}'
++Rcv raw: b'\x81~\x00\x87{"e":"trade","E":1734647562292,"s":"BTCUSDT","t":4307326973,"p":"97492.00000000","q":"0.00010000","T":1734647562292,"m":false,"M":true}'
++Rcv decoded: fin=1 opcode=1 data=b'{"e":"trade","E":1734647562292,"s":"BTCUSDT","t":4307326973,"p":"97492.00000000","q":"0.00010000","T":1734647562292,"m":false,"M":true}'
++Rcv raw: b'\x81~\x00\x87{"e":"trade","E":1734647562292,"s":"BTCUSDT","t":4307326974,"p":"97493.25000000","q":"0.00008000","T":1734647562292,"m":false,"M":true}'
++Rcv decoded: fin=1 opcode=1 data=b'{"e":"trade","E":1734647562292,"s":"BTCUSDT","t":4307326974,"p":"97493.25000000","q":"0.00008000","T":1734647562292,"m":false,"M":true}'
++Rcv raw: b'\x81~\x00\x87{"e":"trade","E":1734647562292,"s":"BTCUSDT","t":4307326975,"p":"97493.25000000","q":"0.00008000","T":1734647562292,"m":false,"M":true}'
++Rcv decoded: fin=1 opcode=1 data=b'{"e":"trade","E":1734647562292,"s":"BTCUSDT","t":4307326975,"p":"97493.25000000","q":"0.00008000","T":1734647562292,"m":false,"M":true}'
++Rcv raw: b'\x81~\x00\x87{"e":"trade","E":1734647562292,"s":"BTCUSDT","t":4307326976,"p":"97493.25000000","q":"0.00008000","T":1734647562292,"m":false,"M":true}'
++Rcv decoded: fin=1 opcode=1 data=b'{"e":"trade","E":1734647562292,"s":"BTCUSDT","t":4307326976,"p":"97493.25000000","q":"0.00008000","T":1734647562292,"m":false,"M":true}'
++Rcv raw: b'\x81~\x00\x87{"e":"trade","E":1734647562292,"s":"BTCUSDT","t":4307326977,"p":"97493.25000000","q":"0.00008000","T":1734647562292,"m":false,"M":true}'
++Rcv decoded: fin=1 opcode=1 data=b'{"e":"trade","E":1734647562292,"s":"BTCUSDT","t":4307326977,"p":"97493.25000000","q":"0.00008000","T":1734647562292,"m":false,"M":true}'
++Rcv raw: b'\x81~\x00\x87{"e":"trade","E":1734647562292,"s":"BTCUSDT","t":4307326978,"p":"97493.25000000","q":"0.00008000","T":1734647562292,"m":false,"M":true}'
++Rcv decoded: fin=1 opcode=1 data=b'{"e":"trade","E":1734647562292,"s":"BTCUSDT","t":4307326978,"p":"97493.25000000","q":"0.00008000","T":1734647562292,"m":false,"M":true}'
++Rcv raw: b'\x81~\x00\x87{"e":"trade","E":1734647562292,"s":"BTCUSDT","t":4307326979,"p":"97493.25000000","q":"0.00008000","T":1734647562292,"m":false,"M":true}'
++Rcv decoded: fin=1 opcode=1 data=b'{"e":"trade","E":1734647562292,"s":"BTCUSDT","t":4307326979,"p":"97493.25000000","q":"0.00008000","T":1734647562292,"m":false,"M":true}'
++Rcv raw: b'\x81~\x00\x87{"e":"trade","E":1734647562292,"s":"BTCUSDT","t":4307326980,"p":"97493.25000000","q":"0.00008000","T":1734647562292,"m":false,"M":true}'
++Rcv decoded: fin=1 opcode=1 data=b'{"e":"trade","E":1734647562292,"s":"BTCUSDT","t":4307326980,"p":"97493.25000000","q":"0.00008000","T":1734647562292,"m":false,"M":true}'
++Rcv raw: b'\x81~\x00\x87{"e":"trade","E":1734647562292,"s":"BTCUSDT","t":4307326981,"p":"97493.25000000","q":"0.00008000","T":1734647562292,"m":false,"M":true}'
++Rcv decoded: fin=1 opcode=1 data=b'{"e":"trade","E":1734647562292,"s":"BTCUSDT","t":4307326981,"p":"97493.25000000","q":"0.00008000","T":1734647562292,"m":false,"M":true}'
++Rcv raw: b'\x81~\x00\x87{"e":"trade","E":1734647562292,"s":"BTCUSDT","t":4307326982,"p":"97493.25000000","q":"0.00008000","T":1734647562292,"m":false,"M":true}'
++Rcv decoded: fin=1 opcode=1 data=b'{"e":"trade","E":1734647562292,"s":"BTCUSDT","t":4307326982,"p":"97493.25000000","q":"0.00008000","T":1734647562292,"m":false,"M":true}'
++Rcv raw: b'\x81~\x00\x87{"e":"trade","E":1734647562292,"s":"BTCUSDT","t":4307326983,"p":"97493.25000000","q":"0.00008000","T":1734647562292,"m":false,"M":true}'
++Rcv decoded: fin=1 opcode=1 data=b'{"e":"trade","E":1734647562292,"s":"BTCUSDT","t":4307326983,"p":"97493.25000000","q":"0.00008000","T":1734647562292,"m":false,"M":true}'
++Rcv raw: b'\x81~\x00\x87{"e":"trade","E":1734647562296,"s":"BTCUSDT","t":4307326984,"p":"97493.26000000","q":"0.00018000","T":1734647562295,"m":false,"M":true}'
++Rcv decoded: fin=1 opcode=1 data=b'{"e":"trade","E":1734647562296,"s":"BTCUSDT","t":4307326984,"p":"97493.26000000","q":"0.00018000","T":1734647562295,"m":false,"M":true}'
++Rcv raw: b'\x81~\x00\x87{"e":"trade","E":1734647562316,"s":"BTCUSDT","t":4307326985,"p":"97493.28000000","q":"0.00006000","T":1734647562316,"m":false,"M":true}'
++Rcv decoded: fin=1 opcode=1 data=b'{"e":"trade","E":1734647562316,"s":"BTCUSDT","t":4307326985,"p":"97493.28000000","q":"0.00006000","T":1734647562316,"m":false,"M":true}'
++Rcv raw: b'\x81~\x00\x87{"e":"trade","E":1734647562316,"s":"BTCUSDT","t":4307326986,"p":"97493.30000000","q":"0.00006000","T":1734647562316,"m":false,"M":true}'
++Rcv decoded: fin=1 opcode=1 data=b'{"e":"trade","E":1734647562316,"s":"BTCUSDT","t":4307326986,"p":"97493.30000000","q":"0.00006000","T":1734647562316,"m":false,"M":true}'
++Rcv raw: b'\x81~\x00\x87{"e":"trade","E":1734647562316,"s":"BTCUSDT","t":4307326987,"p":"97493.47000000","q":"0.00006000","T":1734647562316,"m":false,"M":true}'
++Rcv decoded: fin=1 opcode=1 data=b'{"e":"trade","E":1734647562316,"s":"BTCUSDT","t":4307326987,"p":"97493.47000000","q":"0.00006000","T":1734647562316,"m":false,"M":true}'
++Rcv raw: b'\x81~\x00\x87{"e":"trade","E":1734647562316,"s":"BTCUSDT","t":4307326988,"p":"97493.88000000","q":"0.00015000","T":1734647562316,"m":false,"M":true}'
++Rcv decoded: fin=1 opcode=1 data=b'{"e":"trade","E":1734647562316,"s":"BTCUSDT","t":4307326988,"p":"97493.88000000","q":"0.00015000","T":1734647562316,"m":false,"M":true}'
++Rcv raw: b'\x81~\x00\x87{"e":"trade","E":1734647562316,"s":"BTCUSDT","t":4307326989,"p":"97494.32000000","q":"0.00011000","T":1734647562316,"m":false,"M":true}'
++Rcv decoded: fin=1 opcode=1 data=b'{"e":"trade","E":1734647562316,"s":"BTCUSDT","t":4307326989,"p":"97494.32000000","q":"0.00011000","T":1734647562316,"m":false,"M":true}'
++Rcv raw: b'\x81~\x00\x87{"e":"trade","E":1734647562316,"s":"BTCUSDT","t":4307326990,"p":"97494.45000000","q":"0.00006000","T":1734647562316,"m":false,"M":true}'
++Rcv decoded: fin=1 opcode=1 data=b'{"e":"trade","E":1734647562316,"s":"BTCUSDT","t":4307326990,"p":"97494.45000000","q":"0.00006000","T":1734647562316,"m":false,"M":true}'
++Rcv raw: b'\x81~\x00\x87{"e":"trade","E":1734647562316,"s":"BTCUSDT","t":4307326991,"p":"97495.30000000","q":"0.00006000","T":1734647562316,"m":false,"M":true}'
++Rcv decoded: fin=1 opcode=1 data=b'{"e":"trade","E":1734647562316,"s":"BTCUSDT","t":4307326991,"p":"97495.30000000","q":"0.00006000","T":1734647562316,"m":false,"M":true}'
++Rcv raw: b'\x81~\x00\x87{"e":"trade","E":1734647562316,"s":"BTCUSDT","t":4307326992,"p":"97495.60000000","q":"0.00008000","T":1734647562316,"m":false,"M":true}'
++Rcv decoded: fin=1 opcode=1 data=b'{"e":"trade","E":1734647562316,"s":"BTCUSDT","t":4307326992,"p":"97495.60000000","q":"0.00008000","T":1734647562316,"m":false,"M":true}'
++Rcv raw: b'\x81~\x00\x87{"e":"trade","E":1734647562316,"s":"BTCUSDT","t":4307326993,"p":"97495.60000000","q":"0.00018000","T":1734647562316,"m":false,"M":true}'
++Rcv decoded: fin=1 opcode=1 data=b'{"e":"trade","E":1734647562316,"s":"BTCUSDT","t":4307326993,"p":"97495.60000000","q":"0.00018000","T":1734647562316,"m":false,"M":true}'
++Rcv raw: b'\x81~\x00\x87{"e":"trade","E":1734647562316,"s":"BTCUSDT","t":4307326994,"p":"97495.60000000","q":"0.00008000","T":1734647562316,"m":false,"M":true}'
++Rcv decoded: fin=1 opcode=1 data=b'{"e":"trade","E":1734647562316,"s":"BTCUSDT","t":4307326994,"p":"97495.60000000","q":"0.00008000","T":1734647562316,"m":false,"M":true}'
++Rcv raw: b'\x81~\x00\x87{"e":"trade","E":1734647562316,"s":"BTCUSDT","t":4307326995,"p":"97495.60000000","q":"0.00008000","T":1734647562316,"m":false,"M":true}'
++Rcv decoded: fin=1 opcode=1 data=b'{"e":"trade","E":1734647562316,"s":"BTCUSDT","t":4307326995,"p":"97495.60000000","q":"0.00008000","T":1734647562316,"m":false,"M":true}'
