--- request header ---
GET /ws/btcusdt@trade HTTP/1.1
Upgrade: websocket
Host: stream.binance.com:9443
Origin: https://stream.binance.com:9443
Sec-WebSocket-Key: 6fIzRQHcVp5fxL7L4Cp8Fg==
Sec-WebSocket-Version: 13
Connection: Upgrade


-----------------------
--- response header ---
HTTP/1.1 101 Switching Protocols
Date: Thu, 19 Dec 2024 22:37:36 GMT
Connection: upgrade
Upgrade: websocket
Sec-WebSocket-Accept: FH9KJmMmdpoYIMPM0h6ktlai7H8=
-----------------------
Websocket connected
WebSocket connection opened
++Rcv raw: b'\x81~\x00\x86{"e":"trade","E":1734647856175,"s":"BTCUSDT","t":4307339327,"p":"97491.14000000","q":"0.00008000","T":1734647856174,"m":true,"M":true}'
++Rcv decoded: fin=1 opcode=1 data=b'{"e":"trade","E":1734647856175,"s":"BTCUSDT","t":4307339327,"p":"97491.14000000","q":"0.00008000","T":1734647856174,"m":true,"M":true}'
++Rcv raw: b'\x81~\x00\x86{"e":"trade","E":1734647856175,"s":"BTCUSDT","t":4307339328,"p":"97491.14000000","q":"0.00008000","T":1734647856174,"m":true,"M":true}'
++Rcv decoded: fin=1 opcode=1 data=b'{"e":"trade","E":1734647856175,"s":"BTCUSDT","t":4307339328,"p":"97491.14000000","q":"0.00008000","T":1734647856174,"m":true,"M":true}'
++Rcv raw: b'\x81~\x00\x86{"e":"trade","E":1734647856175,"s":"BTCUSDT","t":4307339329,"p":"97491.14000000","q":"0.00008000","T":1734647856174,"m":true,"M":true}'
++Rcv decoded: fin=1 opcode=1 data=b'{"e":"trade","E":1734647856175,"s":"BTCUSDT","t":4307339329,"p":"97491.14000000","q":"0.00008000","T":1734647856174,"m":true,"M":true}'
++Rcv raw: b'\x81~\x00\x86{"e":"trade","E":1734647856175,"s":"BTCUSDT","t":4307339330,"p":"97491.14000000","q":"0.00008000","T":1734647856174,"m":true,"M":true}'
++Rcv decoded: fin=1 opcode=1 data=b'{"e":"trade","E":1734647856175,"s":"BTCUSDT","t":4307339330,"p":"97491.14000000","q":"0.00008000","T":1734647856174,"m":true,"M":true}'
++Rcv raw: b'\x81~\x00\x86{"e":"trade","E":1734647856175,"s":"BTCUSDT","t":4307339331,"p":"97491.14000000","q":"0.00008000","T":1734647856174,"m":true,"M":true}'
++Rcv decoded: fin=1 opcode=1 data=b'{"e":"trade","E":1734647856175,"s":"BTCUSDT","t":4307339331,"p":"97491.14000000","q":"0.00008000","T":1734647856174,"m":true,"M":true}'
++Rcv raw: b'\x81~\x00\x86{"e":"trade","E":1734647856175,"s":"BTCUSDT","t":4307339332,"p":"97491.14000000","q":"0.00008000","T":1734647856174,"m":true,"M":true}'
++Rcv decoded: fin=1 opcode=1 data=b'{"e":"trade","E":1734647856175,"s":"BTCUSDT","t":4307339332,"p":"97491.14000000","q":"0.00008000","T":1734647856174,"m":true,"M":true}'
++Rcv raw: b'\x81~\x00\x86{"e":"trade","E":1734647856175,"s":"BTCUSDT","t":4307339333,"p":"97491.14000000","q":"0.00008000","T":1734647856174,"m":true,"M":true}'
++Rcv decoded: fin=1 opcode=1 data=b'{"e":"trade","E":1734647856175,"s":"BTCUSDT","t":4307339333,"p":"97491.14000000","q":"0.00008000","T":1734647856174,"m":true,"M":true}'
++Rcv raw: b'\x81~\x00\x86{"e":"trade","E":1734647856175,"s":"BTCUSDT","t":4307339334,"p":"97491.14000000","q":"0.00008000","T":1734647856174,"m":true,"M":true}'
++Rcv decoded: fin=1 opcode=1 data=b'{"e":"trade","E":1734647856175,"s":"BTCUSDT","t":4307339334,"p":"97491.14000000","q":"0.00008000","T":1734647856174,"m":true,"M":true}'
++Rcv raw: b'\x81~\x00\x86{"e":"trade","E":1734647856175,"s":"BTCUSDT","t":4307339335,"p":"97491.14000000","q":"0.00008000","T":1734647856174,"m":true,"M":true}'
++Rcv decoded: fin=1 opcode=1 data=b'{"e":"trade","E":1734647856175,"s":"BTCUSDT","t":4307339335,"p":"97491.14000000","q":"0.00008000","T":1734647856174,"m":true,"M":true}'
++Rcv raw: b'\x81~\x00\x86{"e":"trade","E":1734647856175,"s":"BTCUSDT","t":4307339336,"p":"97491.14000000","q":"0.00008000","T":1734647856174,"m":true,"M":true}'
++Rcv decoded: fin=1 opcode=1 data=b'{"e":"trade","E":1734647856175,"s":"BTCUSDT","t":4307339336,"p":"97491.14000000","q":"0.00008000","T":1734647856174,"m":true,"M":true}'
++Rcv raw: b'\x81~\x00\x86{"e":"trade","E":1734647856175,"s":"BTCUSDT","t":4307339337,"p":"97490.54000000","q":"0.00006000","T":1734647856174,"m":true,"M":true}'
++Rcv decoded: fin=1 opcode=1 data=b'{"e":"trade","E":1734647856175,"s":"BTCUSDT","t":4307339337,"p":"97490.54000000","q":"0.00006000","T":1734647856174,"m":true,"M":true}'
++Rcv raw: b'\x81~\x00\x86{"e":"trade","E":1734647856175,"s":"BTCUSDT","t":4307339338,"p":"97490.25000000","q":"0.00006000","T":1734647856174,"m":true,"M":true}'
++Rcv decoded: fin=1 opcode=1 data=b'{"e":"trade","E":1734647856175,"s":"BTCUSDT","t":4307339338,"p":"97490.25000000","q":"0.00006000","T":1734647856174,"m":true,"M":true}'
++Rcv raw: b'\x81~\x00\x86{"e":"trade","E":1734647856175,"s":"BTCUSDT","t":4307339339,"p":"97488.78000000","q":"0.00006000","T":1734647856174,"m":true,"M":true}'
++Rcv decoded: fin=1 opcode=1 data=b'{"e":"trade","E":1734647856175,"s":"BTCUSDT","t":4307339339,"p":"97488.78000000","q":"0.00006000","T":1734647856174,"m":true,"M":true}'
++Rcv raw: b'\x81~\x00\x86{"e":"trade","E":1734647856175,"s":"BTCUSDT","t":4307339340,"p":"97488.77000000","q":"0.00008000","T":1734647856174,"m":true,"M":true}'
++Rcv decoded: fin=1 opcode=1 data=b'{"e":"trade","E":1734647856175,"s":"BTCUSDT","t":4307339340,"p":"97488.77000000","q":"0.00008000","T":1734647856174,"m":true,"M":true}'
++Rcv raw: b'\x81~\x00\x86{"e":"trade","E":1734647856175,"s":"BTCUSDT","t":4307339341,"p":"97488.77000000","q":"0.00006000","T":1734647856174,"m":true,"M":true}'
++Rcv decoded: fin=1 opcode=1 data=b'{"e":"trade","E":1734647856175,"s":"BTCUSDT","t":4307339341,"p":"97488.77000000","q":"0.00006000","T":1734647856174,"m":true,"M":true}'
++Rcv raw: b'\x81~\x00\x86{"e":"trade","E":1734647856175,"s":"BTCUSDT","t":4307339342,"p":"97488.77000000","q":"0.00017000","T":1734647856174,"m":true,"M":true}'
++Rcv decoded: fin=1 opcode=1 data=b'{"e":"trade","E":1734647856175,"s":"BTCUSDT","t":4307339342,"p":"97488.77000000","q":"0.00017000","T":1734647856174,"m":true,"M":true}'
++Rcv raw: b'\x81~\x00\x86{"e":"trade","E":1734647856175,"s":"BTCUSDT","t":4307339343,"p":"97488.77000000","q":"0.00027000","T":1734647856174,"m":true,"M":true}'
++Rcv decoded: fin=1 opcode=1 data=b'{"e":"trade","E":1734647856175,"s":"BTCUSDT","t":4307339343,"p":"97488.77000000","q":"0.00027000","T":1734647856174,"m":true,"M":true}'
++Rcv raw: b'\x81~\x00\x86{"e":"trade","E":1734647856175,"s":"BTCUSDT","t":4307339344,"p":"97488.77000000","q":"0.00008000","T":1734647856174,"m":true,"M":true}'
++Rcv decoded: fin=1 opcode=1 data=b'{"e":"trade","E":1734647856175,"s":"BTCUSDT","t":4307339344,"p":"97488.77000000","q":"0.00008000","T":1734647856174,"m":true,"M":true}'
++Rcv raw: b'\x81~\x00\x86{"e":"trade","E":1734647856175,"s":"BTCUSDT","t":4307339345,"p":"97488.77000000","q":"0.00008000","T":1734647856174,"m":true,"M":true}'
++Rcv decoded: fin=1 opcode=1 data=b'{"e":"trade","E":1734647856175,"s":"BTCUSDT","t":4307339345,"p":"97488.77000000","q":"0.00008000","T":1734647856174,"m":true,"M":true}'
++Rcv raw: b'\x81~\x00\x86{"e":"trade","E":1734647856175,"s":"BTCUSDT","t":4307339346,"p":"97488.77000000","q":"0.00008000","T":1734647856174,"m":true,"M":true}'
++Rcv decoded: fin=1 opcode=1 data=b'{"e":"trade","E":1734647856175,"s":"BTCUSDT","t":4307339346,"p":"97488.77000000","q":"0.00008000","T":1734647856174,"m":true,"M":true}'
++Rcv raw: b'\x81~\x00\x86{"e":"trade","E":1734647856175,"s":"BTCUSDT","t":4307339347,"p":"97488.77000000","q":"0.00008000","T":1734647856174,"m":true,"M":true}'
++Rcv decoded: fin=1 opcode=1 data=b'{"e":"trade","E":1734647856175,"s":"BTCUSDT","t":4307339347,"p":"97488.77000000","q":"0.00008000","T":1734647856174,"m":true,"M":true}'
++Rcv raw: b'\x81~\x00\x86{"e":"trade","E":1734647856175,"s":"BTCUSDT","t":4307339348,"p":"97488.77000000","q":"0.00008000","T":1734647856174,"m":true,"M":true}'
++Rcv decoded: fin=1 opcode=1 data=b'{"e":"trade","E":1734647856175,"s":"BTCUSDT","t":4307339348,"p":"97488.77000000","q":"0.00008000","T":1734647856174,"m":true,"M":true}'
++Rcv raw: b'\x81~\x00\x86{"e":"trade","E":1734647856175,"s":"BTCUSDT","t":4307339349,"p":"97488.77000000","q":"0.00008000","T":1734647856174,"m":true,"M":true}'
++Rcv decoded: fin=1 opcode=1 data=b'{"e":"trade","E":1734647856175,"s":"BTCUSDT","t":4307339349,"p":"97488.77000000","q":"0.00008000","T":1734647856174,"m":true,"M":true}'
++Rcv raw: b'\x81~\x00\x86{"e":"trade","E":1734647856175,"s":"BTCUSDT","t":4307339350,"p":"97488.77000000","q":"0.00008000","T":1734647856174,"m":true,"M":true}'
++Rcv decoded: fin=1 opcode=1 data=b'{"e":"trade","E":1734647856175,"s":"BTCUSDT","t":4307339350,"p":"97488.77000000","q":"0.00008000","T":1734647856174,"m":true,"M":true}'
++Rcv raw: b'\x81~\x00\x86{"e":"trade","E":1734647856175,"s":"BTCUSDT","t":4307339351,"p":"97488.77000000","q":"0.00008000","T":1734647856174,"m":true,"M":true}'
++Rcv decoded: fin=1 opcode=1 data=b'{"e":"trade","E":1734647856175,"s":"BTCUSDT","t":4307339351,"p":"97488.77000000","q":"0.00008000","T":1734647856174,"m":true,"M":true}'
++Rcv raw: b'\x81~\x00\x86{"e":"trade","E":1734647856175,"s":"BTCUSDT","t":4307339352,"p":"97488.77000000","q":"0.00008000","T":1734647856174,"m":true,"M":true}'
++Rcv decoded: fin=1 opcode=1 data=b'{"e":"trade","E":1734647856175,"s":"BTCUSDT","t":4307339352,"p":"97488.77000000","q":"0.00008000","T":1734647856174,"m":true,"M":true}'
++Rcv raw: b'\x81~\x00\x87{"e":"trade","E":1734647856226,"s":"BTCUSDT","t":4307339353,"p":"97488.77000000","q":"0.00035000","T":1734647856225,"m":false,"M":true}'
++Rcv decoded: fin=1 opcode=1 data=b'{"e":"trade","E":1734647856226,"s":"BTCUSDT","t":4307339353,"p":"97488.77000000","q":"0.00035000","T":1734647856225,"m":false,"M":true}'
++Rcv raw: b'\x81~\x00\x86{"e":"trade","E":1734647856326,"s":"BTCUSDT","t":4307339354,"p":"97488.76000000","q":"0.00100000","T":1734647856326,"m":true,"M":true}'
++Rcv decoded: fin=1 opcode=1 data=b'{"e":"trade","E":1734647856326,"s":"BTCUSDT","t":4307339354,"p":"97488.76000000","q":"0.00100000","T":1734647856326,"m":true,"M":true}'
++Rcv raw: b'\x81~\x00\x87{"e":"trade","E":1734647856511,"s":"BTCUSDT","t":4307339355,"p":"97488.77000000","q":"0.00021000","T":1734647856511,"m":false,"M":true}'
++Rcv decoded: fin=1 opcode=1 data=b'{"e":"trade","E":1734647856511,"s":"BTCUSDT","t":4307339355,"p":"97488.77000000","q":"0.00021000","T":1734647856511,"m":false,"M":true}'
++Rcv raw: b'\x81~\x00\x87{"e":"trade","E":1734647856511,"s":"BTCUSDT","t":4307339356,"p":"97488.77000000","q":"0.00065000","T":1734647856511,"m":false,"M":true}'
++Rcv decoded: fin=1 opcode=1 data=b'{"e":"trade","E":1734647856511,"s":"BTCUSDT","t":4307339356,"p":"97488.77000000","q":"0.00065000","T":1734647856511,"m":false,"M":true}'
++Rcv raw: b'\x81~\x00\x87{"e":"trade","E":1734647856537,"s":"BTCUSDT","t":4307339357,"p":"97488.77000000","q":"0.00787000","T":1734647856536,"m":false,"M":true}'
++Rcv decoded: fin=1 opcode=1 data=b'{"e":"trade","E":1734647856537,"s":"BTCUSDT","t":4307339357,"p":"97488.77000000","q":"0.00787000","T":1734647856536,"m":false,"M":true}'
++Rcv raw: b'\x81~\x00\x86{"e":"trade","E":1734647856682,"s":"BTCUSDT","t":4307339358,"p":"97488.76000000","q":"0.00192000","T":1734647856681,"m":true,"M":true}'
++Rcv decoded: fin=1 opcode=1 data=b'{"e":"trade","E":1734647856682,"s":"BTCUSDT","t":4307339358,"p":"97488.76000000","q":"0.00192000","T":1734647856681,"m":true,"M":true}'
++Rcv raw: b'\x81~\x00\x86{"e":"trade","E":1734647856827,"s":"BTCUSDT","t":4307339359,"p":"97488.76000000","q":"0.00100000","T":1734647856826,"m":true,"M":true}'
++Rcv decoded: fin=1 opcode=1 data=b'{"e":"trade","E":1734647856827,"s":"BTCUSDT","t":4307339359,"p":"97488.76000000","q":"0.00100000","T":1734647856826,"m":true,"M":true}'
++Rcv raw: b'\x81~\x00\x86{"e":"trade","E":1734647857219,"s":"BTCUSDT","t":4307339360,"p":"97488.76000000","q":"0.00006000","T":1734647857219,"m":true,"M":true}'
++Rcv decoded: fin=1 opcode=1 data=b'{"e":"trade","E":1734647857219,"s":"BTCUSDT","t":4307339360,"p":"97488.76000000","q":"0.00006000","T":1734647857219,"m":true,"M":true}'
++Rcv raw: b'\x81~\x00\x86{"e":"trade","E":1734647857329,"s":"BTCUSDT","t":4307339361,"p":"97488.76000000","q":"0.00100000","T":1734647857328,"m":true,"M":true}'
++Rcv decoded: fin=1 opcode=1 data=b'{"e":"trade","E":1734647857329,"s":"BTCUSDT","t":4307339361,"p":"97488.76000000","q":"0.00100000","T":1734647857328,"m":true,"M":true}'
++Rcv raw: b'\x81~\x00\x87{"e":"trade","E":1734647857396,"s":"BTCUSDT","t":4307339362,"p":"97488.77000000","q":"0.01692000","T":1734647857395,"m":false,"M":true}'
++Rcv decoded: fin=1 opcode=1 data=b'{"e":"trade","E":1734647857396,"s":"BTCUSDT","t":4307339362,"p":"97488.77000000","q":"0.01692000","T":1734647857395,"m":false,"M":true}'
++Rcv raw: b'\x81~\x00\x86{"e":"trade","E":1734647857464,"s":"BTCUSDT","t":4307339363,"p":"97488.76000000","q":"0.06023000","T":1734647857463,"m":true,"M":true}'
++Rcv decoded: fin=1 opcode=1 data=b'{"e":"trade","E":1734647857464,"s":"BTCUSDT","t":4307339363,"p":"97488.76000000","q":"0.06023000","T":1734647857463,"m":true,"M":true}'
++Rcv raw: b'\x81~\x00\x87{"e":"trade","E":1734647857473,"s":"BTCUSDT","t":4307339364,"p":"97488.77000000","q":"0.00029000","T":1734647857472,"m":false,"M":true}'
++Rcv decoded: fin=1 opcode=1 data=b'{"e":"trade","E":1734647857473,"s":"BTCUSDT","t":4307339364,"p":"97488.77000000","q":"0.00029000","T":1734647857472,"m":false,"M":true}'
++Rcv raw: b'\x81~\x00\x87{"e":"trade","E":1734647857635,"s":"BTCUSDT","t":4307339365,"p":"97488.77000000","q":"0.00431000","T":1734647857634,"m":false,"M":true}'
++Rcv decoded: fin=1 opcode=1 data=b'{"e":"trade","E":1734647857635,"s":"BTCUSDT","t":4307339365,"p":"97488.77000000","q":"0.00431000","T":1734647857634,"m":false,"M":true}'
++Rcv raw: b'\x81~\x00\x86{"e":"trade","E":1734647857893,"s":"BTCUSDT","t":4307339366,"p":"97488.76000000","q":"0.00094000","T":1734647857893,"m":true,"M":true}'
++Rcv decoded: fin=1 opcode=1 data=b'{"e":"trade","E":1734647857893,"s":"BTCUSDT","t":4307339366,"p":"97488.76000000","q":"0.00094000","T":1734647857893,"m":true,"M":true}'
++Rcv raw: b'\x81~\x00\x86{"e":"trade","E":1734647857978,"s":"BTCUSDT","t":4307339367,"p":"97488.76000000","q":"0.00014000","T":1734647857977,"m":true,"M":true}'
++Rcv decoded: fin=1 opcode=1 data=b'{"e":"trade","E":1734647857978,"s":"BTCUSDT","t":4307339367,"p":"97488.76000000","q":"0.00014000","T":1734647857977,"m":true,"M":true}'
++Rcv raw: b'\x81~\x00\x86{"e":"trade","E":1734647857980,"s":"BTCUSDT","t":4307339368,"p":"97488.76000000","q":"0.00100000","T":1734647857979,"m":true,"M":true}'
++Rcv decoded: fin=1 opcode=1 data=b'{"e":"trade","E":1734647857980,"s":"BTCUSDT","t":4307339368,"p":"97488.76000000","q":"0.00100000","T":1734647857979,"m":true,"M":true}'
++Rcv raw: b'\x81~\x00\x86{"e":"trade","E":1734647857990,"s":"BTCUSDT","t":4307339369,"p":"97488.76000000","q":"0.00453000","T":1734647857989,"m":true,"M":true}'
++Rcv decoded: fin=1 opcode=1 data=b'{"e":"trade","E":1734647857990,"s":"BTCUSDT","t":4307339369,"p":"97488.76000000","q":"0.00453000","T":1734647857989,"m":true,"M":true}'
++Rcv raw: b'\x81~\x00\x86{"e":"trade","E":1734647857990,"s":"BTCUSDT","t":4307339370,"p":"97488.76000000","q":"0.00704000","T":1734647857989,"m":true,"M":true}'
++Rcv decoded: fin=1 opcode=1 data=b'{"e":"trade","E":1734647857990,"s":"BTCUSDT","t":4307339370,"p":"97488.76000000","q":"0.00704000","T":1734647857989,"m":true,"M":true}'
++Rcv raw: b'\x81~\x00\x87{"e":"trade","E":1734647858028,"s":"BTCUSDT","t":4307339371,"p":"97488.77000000","q":"0.00053000","T":1734647858028,"m":false,"M":true}'
++Rcv decoded: fin=1 opcode=1 data=b'{"e":"trade","E":1734647858028,"s":"BTCUSDT","t":4307339371,"p":"97488.77000000","q":"0.00053000","T":1734647858028,"m":false,"M":true}'
++Rcv raw: b'\x81~\x00\x86{"e":"trade","E":1734647858375,"s":"BTCUSDT","t":4307339372,"p":"97488.76000000","q":"0.00008000","T":1734647858374,"m":true,"M":true}'
++Rcv decoded: fin=1 opcode=1 data=b'{"e":"trade","E":1734647858375,"s":"BTCUSDT","t":4307339372,"p":"97488.76000000","q":"0.00008000","T":1734647858374,"m":true,"M":true}'
++Rcv raw: b'\x81~\x00\x87{"e":"trade","E":1734647858887,"s":"BTCUSDT","t":4307339373,"p":"97488.77000000","q":"0.00010000","T":1734647858886,"m":false,"M":true}'
++Rcv decoded: fin=1 opcode=1 data=b'{"e":"trade","E":1734647858887,"s":"BTCUSDT","t":4307339373,"p":"97488.77000000","q":"0.00010000","T":1734647858886,"m":false,"M":true}'
++Rcv raw: b'\x81~\x00\x87{"e":"trade","E":1734647858985,"s":"BTCUSDT","t":4307339374,"p":"97488.77000000","q":"0.00390000","T":1734647858984,"m":false,"M":true}'
++Rcv decoded: fin=1 opcode=1 data=b'{"e":"trade","E":1734647858985,"s":"BTCUSDT","t":4307339374,"p":"97488.77000000","q":"0.00390000","T":1734647858984,"m":false,"M":true}'
++Rcv raw: b'\x81~\x00\x87{"e":"trade","E":1734647859069,"s":"BTCUSDT","t":4307339375,"p":"97488.77000000","q":"0.00442000","T":1734647859069,"m":false,"M":true}'
++Rcv decoded: fin=1 opcode=1 data=b'{"e":"trade","E":1734647859069,"s":"BTCUSDT","t":4307339375,"p":"97488.77000000","q":"0.00442000","T":1734647859069,"m":false,"M":true}'
++Rcv raw: b'\x81~\x00\x87{"e":"trade","E":1734647859209,"s":"BTCUSDT","t":4307339376,"p":"97488.77000000","q":"0.02051000","T":1734647859208,"m":false,"M":true}'
++Rcv decoded: fin=1 opcode=1 data=b'{"e":"trade","E":1734647859209,"s":"BTCUSDT","t":4307339376,"p":"97488.77000000","q":"0.02051000","T":1734647859208,"m":false,"M":true}'
++Rcv raw: b'\x81~\x00\x87{"e":"trade","E":1734647859230,"s":"BTCUSDT","t":4307339377,"p":"97488.77000000","q":"0.00012000","T":1734647859229,"m":false,"M":true}'
++Rcv decoded: fin=1 opcode=1 data=b'{"e":"trade","E":1734647859230,"s":"BTCUSDT","t":4307339377,"p":"97488.77000000","q":"0.00012000","T":1734647859229,"m":false,"M":true}'
++Rcv raw: b'\x81~\x00\x87{"e":"trade","E":1734647859362,"s":"BTCUSDT","t":4307339378,"p":"97488.77000000","q":"0.00020000","T":1734647859362,"m":false,"M":true}'
++Rcv decoded: fin=1 opcode=1 data=b'{"e":"trade","E":1734647859362,"s":"BTCUSDT","t":4307339378,"p":"97488.77000000","q":"0.00020000","T":1734647859362,"m":false,"M":true}'
++Rcv raw: b'\x81~\x00\x87{"e":"trade","E":1734647859425,"s":"BTCUSDT","t":4307339379,"p":"97488.77000000","q":"0.00018000","T":1734647859424,"m":false,"M":true}'
++Rcv decoded: fin=1 opcode=1 data=b'{"e":"trade","E":1734647859425,"s":"BTCUSDT","t":4307339379,"p":"97488.77000000","q":"0.00018000","T":1734647859424,"m":false,"M":true}'
++Rcv raw: b'\x81~\x00\x87{"e":"trade","E":1734647859861,"s":"BTCUSDT","t":4307339380,"p":"97488.77000000","q":"0.00307000","T":1734647859860,"m":false,"M":true}'
++Rcv decoded: fin=1 opcode=1 data=b'{"e":"trade","E":1734647859861,"s":"BTCUSDT","t":4307339380,"p":"97488.77000000","q":"0.00307000","T":1734647859860,"m":false,"M":true}'
++Rcv raw: b'\x81~\x00\x87{"e":"trade","E":1734647859861,"s":"BTCUSDT","t":4307339381,"p":"97488.77000000","q":"0.00019000","T":1734647859860,"m":false,"M":true}'
++Rcv decoded: fin=1 opcode=1 data=b'{"e":"trade","E":1734647859861,"s":"BTCUSDT","t":4307339381,"p":"97488.77000000","q":"0.00019000","T":1734647859860,"m":false,"M":true}'
++Rcv raw: b'\x81~\x00\x87{"e":"trade","E":1734647859861,"s":"BTCUSDT","t":4307339382,"p":"97488.77000000","q":"0.00256000","T":1734647859860,"m":false,"M":true}'
++Rcv decoded: fin=1 opcode=1 data=b'{"e":"trade","E":1734647859861,"s":"BTCUSDT","t":4307339382,"p":"97488.77000000","q":"0.00256000","T":1734647859860,"m":false,"M":true}'
++Rcv raw: b'\x81~\x00\x87{"e":"trade","E":1734647859861,"s":"BTCUSDT","t":4307339383,"p":"97488.77000000","q":"0.00007000","T":1734647859860,"m":false,"M":true}'
++Rcv decoded: fin=1 opcode=1 data=b'{"e":"trade","E":1734647859861,"s":"BTCUSDT","t":4307339383,"p":"97488.77000000","q":"0.00007000","T":1734647859860,"m":false,"M":true}'
++Rcv raw: b'\x81~\x00\x87{"e":"trade","E":1734647859916,"s":"BTCUSDT","t":4307339384,"p":"97488.77000000","q":"0.00001000","T":1734647859916,"m":false,"M":true}'
++Rcv decoded: fin=1 opcode=1 data=b'{"e":"trade","E":1734647859916,"s":"BTCUSDT","t":4307339384,"p":"97488.77000000","q":"0.00001000","T":1734647859916,"m":false,"M":true}'
++Rcv raw: b'\x81~\x00\x87{"e":"trade","E":1734647859916,"s":"BTCUSDT","t":4307339385,"p":"97490.48000000","q":"0.00006000","T":1734647859916,"m":false,"M":true}'
++Rcv decoded: fin=1 opcode=1 data=b'{"e":"trade","E":1734647859916,"s":"BTCUSDT","t":4307339385,"p":"97490.48000000","q":"0.00006000","T":1734647859916,"m":false,"M":true}'
++Rcv raw: b'\x81~\x00\x87{"e":"trade","E":1734647859916,"s":"BTCUSDT","t":4307339386,"p":"97490.48000000","q":"0.00008000","T":1734647859916,"m":false,"M":true}'
++Rcv decoded: fin=1 opcode=1 data=b'{"e":"trade","E":1734647859916,"s":"BTCUSDT","t":4307339386,"p":"97490.48000000","q":"0.00008000","T":1734647859916,"m":false,"M":true}'
++Rcv raw: b'\x81~\x00\x87{"e":"trade","E":1734647859916,"s":"BTCUSDT","t":4307339387,"p":"97490.48000000","q":"0.00008000","T":1734647859916,"m":false,"M":true}'
++Rcv decoded: fin=1 opcode=1 data=b'{"e":"trade","E":1734647859916,"s":"BTCUSDT","t":4307339387,"p":"97490.48000000","q":"0.00008000","T":1734647859916,"m":false,"M":true}'
++Rcv raw: b'\x81~\x00\x87{"e":"trade","E":1734647859916,"s":"BTCUSDT","t":4307339388,"p":"97490.48000000","q":"0.00008000","T":1734647859916,"m":false,"M":true}'
++Rcv decoded: fin=1 opcode=1 data=b'{"e":"trade","E":1734647859916,"s":"BTCUSDT","t":4307339388,"p":"97490.48000000","q":"0.00008000","T":1734647859916,"m":false,"M":true}'
++Rcv raw: b'\x81~\x00\x87{"e":"trade","E":1734647859916,"s":"BTCUSDT","t":4307339389,"p":"97490.48000000","q":"0.00008000","T":1734647859916,"m":false,"M":true}'
++Rcv decoded: fin=1 opcode=1 data=b'{"e":"trade","E":1734647859916,"s":"BTCUSDT","t":4307339389,"p":"97490.48000000","q":"0.00008000","T":1734647859916,"m":false,"M":true}'
++Rcv raw: b'\x81~\x00\x87{"e":"trade","E":1734647859916,"s":"BTCUSDT","t":4307339390,"p":"97490.48000000","q":"0.00008000","T":1734647859916,"m":false,"M":true}'
++Rcv decoded: fin=1 opcode=1 data=b'{"e":"trade","E":1734647859916,"s":"BTCUSDT","t":4307339390,"p":"97490.48000000","q":"0.00008000","T":1734647859916,"m":false,"M":true}'
++Rcv raw: b'\x81~\x00\x87{"e":"trade","E":1734647859916,"s":"BTCUSDT","t":4307339391,"p":"97490.48000000","q":"0.00008000","T":1734647859916,"m":false,"M":true}'
++Rcv decoded: fin=1 opcode=1 data=b'{"e":"trade","E":1734647859916,"s":"BTCUSDT","t":4307339391,"p":"97490.48000000","q":"0.00008000","T":1734647859916,"m":false,"M":true}'
++Rcv raw: b'\x81~\x00\x87{"e":"trade","E":1734647859916,"s":"BTCUSDT","t":4307339392,"p":"97490.48000000","q":"0.00008000","T":1734647859916,"m":false,"M":true}'
++Rcv decoded: fin=1 opcode=1 data=b'{"e":"trade","E":1734647859916,"s":"BTCUSDT","t":4307339392,"p":"97490.48000000","q":"0.00008000","T":1734647859916,"m":false,"M":true}'
++Rcv raw: b'\x81~\x00\x87{"e":"trade","E":1734647859916,"s":"BTCUSDT","t":4307339393,"p":"97490.48000000","q":"0.00008000","T":1734647859916,"m":false,"M":true}'
++Rcv decoded: fin=1 opcode=1 data=b'{"e":"trade","E":1734647859916,"s":"BTCUSDT","t":4307339393,"p":"97490.48000000","q":"0.00008000","T":1734647859916,"m":false,"M":true}'
++Rcv raw: b'\x81~\x00\x87{"e":"trade","E":1734647859916,"s":"BTCUSDT","t":4307339394,"p":"97490.48000000","q":"0.00008000","T":1734647859916,"m":false,"M":true}'
++Rcv decoded: fin=1 opcode=1 data=b'{"e":"trade","E":1734647859916,"s":"BTCUSDT","t":4307339394,"p":"97490.48000000","q":"0.00008000","T":1734647859916,"m":false,"M":true}'
++Rcv raw: b'\x81~\x00\x87{"e":"trade","E":1734647859916,"s":"BTCUSDT","t":4307339395,"p":"97490.48000000","q":"0.00008000","T":1734647859916,"m":false,"M":true}'
++Rcv decoded: fin=1 opcode=1 data=b'{"e":"trade","E":1734647859916,"s":"BTCUSDT","t":4307339395,"p":"97490.48000000","q":"0.00008000","T":1734647859916,"m":false,"M":true}'
++Rcv raw: b'\x81~\x00\x86{"e":"trade","E":1734647859942,"s":"BTCUSDT","t":4307339396,"p":"97494.31000000","q":"0.11819000","T":1734647859942,"m":true,"M":true}'
++Rcv decoded: fin=1 opcode=1 data=b'{"e":"trade","E":1734647859942,"s":"BTCUSDT","t":4307339396,"p":"97494.31000000","q":"0.11819000","T":1734647859942,"m":true,"M":true}'
++Rcv raw: b'\x81~\x00\x86{"e":"trade","E":1734647859942,"s":"BTCUSDT","t":4307339397,"p":"97494.31000000","q":"0.06661000","T":1734647859942,"m":true,"M":true}'
++Rcv decoded: fin=1 opcode=1 data=b'{"e":"trade","E":1734647859942,"s":"BTCUSDT","t":4307339397,"p":"97494.31000000","q":"0.06661000","T":1734647859942,"m":true,"M":true}'
++Rcv raw: b'\x81~\x00\x86{"e":"trade","E":1734647859942,"s":"BTCUSDT","t":4307339398,"p":"97494.31000000","q":"0.05008000","T":1734647859942,"m":true,"M":true}'
++Rcv decoded: fin=1 opcode=1 data=b'{"e":"trade","E":1734647859942,"s":"BTCUSDT","t":4307339398,"p":"97494.31000000","q":"0.05008000","T":1734647859942,"m":true,"M":true}'
++Rcv raw: b'\x81~\x00\x86{"e":"trade","E":1734647859942,"s":"BTCUSDT","t":4307339399,"p":"97494.31000000","q":"0.13851000","T":1734647859942,"m":true,"M":true}'
++Rcv decoded: fin=1 opcode=1 data=b'{"e":"trade","E":1734647859942,"s":"BTCUSDT","t":4307339399,"p":"97494.31000000","q":"0.13851000","T":1734647859942,"m":true,"M":true}'
++Rcv raw: b'\x81~\x00\x86{"e":"trade","E":1734647859942,"s":"BTCUSDT","t":4307339400,"p":"97494.31000000","q":"0.18562000","T":1734647859942,"m":true,"M":true}'
++Rcv decoded: fin=1 opcode=1 data=b'{"e":"trade","E":1734647859942,"s":"BTCUSDT","t":4307339400,"p":"97494.31000000","q":"0.18562000","T":1734647859942,"m":true,"M":true}'
++Rcv raw: b'\x81~\x00\x86{"e":"trade","E":1734647859942,"s":"BTCUSDT","t":4307339401,"p":"97494.30000000","q":"0.06661000","T":1734647859942,"m":true,"M":true}'
++Rcv decoded: fin=1 opcode=1 data=b'{"e":"trade","E":1734647859942,"s":"BTCUSDT","t":4307339401,"p":"97494.30000000","q":"0.06661000","T":1734647859942,"m":true,"M":true}'
++Rcv raw: b'\x81~\x00\x86{"e":"trade","E":1734647859942,"s":"BTCUSDT","t":4307339402,"p":"97491.52000000","q":"0.20533000","T":1734647859942,"m":true,"M":true}'
++Rcv decoded: fin=1 opcode=1 data=b'{"e":"trade","E":1734647859942,"s":"BTCUSDT","t":4307339402,"p":"97491.52000000","q":"0.20533000","T":1734647859942,"m":true,"M":true}'
++Rcv raw: b'\x81~\x00\x86{"e":"trade","E":1734647859942,"s":"BTCUSDT","t":4307339403,"p":"97491.50000000","q":"0.15397000","T":1734647859942,"m":true,"M":true}'
++Rcv decoded: fin=1 opcode=1 data=b'{"e":"trade","E":1734647859942,"s":"BTCUSDT","t":4307339403,"p":"97491.50000000","q":"0.15397000","T":1734647859942,"m":true,"M":true}'
++Rcv raw: b'\x81~\x00\x86{"e":"trade","E":1734647859942,"s":"BTCUSDT","t":4307339404,"p":"97491.50000000","q":"0.00256000","T":1734647859942,"m":true,"M":true}'
++Rcv decoded: fin=1 opcode=1 data=b'{"e":"trade","E":1734647859942,"s":"BTCUSDT","t":4307339404,"p":"97491.50000000","q":"0.00256000","T":1734647859942,"m":true,"M":true}'
++Rcv raw: b'\x81~\x00\x86{"e":"trade","E":1734647859942,"s":"BTCUSDT","t":4307339405,"p":"97490.73000000","q":"0.00006000","T":1734647859942,"m":true,"M":true}'
++Rcv decoded: fin=1 opcode=1 data=b'{"e":"trade","E":1734647859942,"s":"BTCUSDT","t":4307339405,"p":"97490.73000000","q":"0.00006000","T":1734647859942,"m":true,"M":true}'
++Rcv raw: b'\x81~\x00\x86{"e":"trade","E":1734647859942,"s":"BTCUSDT","t":4307339406,"p":"97490.72000000","q":"0.02581000","T":1734647859942,"m":true,"M":true}'
++Rcv decoded: fin=1 opcode=1 data=b'{"e":"trade","E":1734647859942,"s":"BTCUSDT","t":4307339406,"p":"97490.72000000","q":"0.02581000","T":1734647859942,"m":true,"M":true}'
++Rcv raw: b'\x81~\x00\x87{"e":"trade","E":1734647859981,"s":"BTCUSDT","t":4307339407,"p":"97494.30000000","q":"0.00400000","T":1734647859980,"m":false,"M":true}'
++Rcv decoded: fin=1 opcode=1 data=b'{"e":"trade","E":1734647859981,"s":"BTCUSDT","t":4307339407,"p":"97494.30000000","q":"0.00400000","T":1734647859980,"m":false,"M":true}'
++Rcv raw: b'\x81~\x00\x87{"e":"trade","E":1734647860063,"s":"BTCUSDT","t":4307339408,"p":"97494.30000000","q":"0.00014000","T":1734647860063,"m":false,"M":true}'
++Rcv decoded: fin=1 opcode=1 data=b'{"e":"trade","E":1734647860063,"s":"BTCUSDT","t":4307339408,"p":"97494.30000000","q":"0.00014000","T":1734647860063,"m":false,"M":true}'
++Rcv raw: b'\x81~\x00\x86{"e":"trade","E":1734647860211,"s":"BTCUSDT","t":4307339409,"p":"97494.29000000","q":"0.00243000","T":1734647860211,"m":true,"M":true}'
++Rcv decoded: fin=1 opcode=1 data=b'{"e":"trade","E":1734647860211,"s":"BTCUSDT","t":4307339409,"p":"97494.29000000","q":"0.00243000","T":1734647860211,"m":true,"M":true}'
++Rcv raw: b'\x81~\x00\x86{"e":"trade","E":1734647860211,"s":"BTCUSDT","t":4307339410,"p":"97494.29000000","q":"0.00925000","T":1734647860211,"m":true,"M":true}'
++Rcv decoded: fin=1 opcode=1 data=b'{"e":"trade","E":1734647860211,"s":"BTCUSDT","t":4307339410,"p":"97494.29000000","q":"0.00925000","T":1734647860211,"m":true,"M":true}'
++Rcv raw: b'\x81~\x00\x86{"e":"trade","E":1734647860211,"s":"BTCUSDT","t":4307339411,"p":"97494.29000000","q":"0.00400000","T":1734647860211,"m":true,"M":true}'
++Rcv decoded: fin=1 opcode=1 data=b'{"e":"trade","E":1734647860211,"s":"BTCUSDT","t":4307339411,"p":"97494.29000000","q":"0.00400000","T":1734647860211,"m":true,"M":true}'
++Rcv raw: b'\x81~\x00\x86{"e":"trade","E":1734647860211,"s":"BTCUSDT","t":4307339412,"p":"97494.29000000","q":"0.01554000","T":1734647860211,"m":true,"M":true}'
++Rcv decoded: fin=1 opcode=1 data=b'{"e":"trade","E":1734647860211,"s":"BTCUSDT","t":4307339412,"p":"97494.29000000","q":"0.01554000","T":1734647860211,"m":true,"M":true}'
++Rcv raw: b'\x81~\x00\x87{"e":"trade","E":1734647860417,"s":"BTCUSDT","t":4307339413,"p":"97494.30000000","q":"0.00008000","T":1734647860417,"m":false,"M":true}'
++Rcv decoded: fin=1 opcode=1 data=b'{"e":"trade","E":1734647860417,"s":"BTCUSDT","t":4307339413,"p":"97494.30000000","q":"0.00008000","T":1734647860417,"m":false,"M":true}'
++Rcv raw: b'\x81~\x00\x86{"e":"trade","E":1734647860984,"s":"BTCUSDT","t":4307339414,"p":"97494.29000000","q":"0.00026000","T":1734647860983,"m":true,"M":true}'
++Rcv decoded: fin=1 opcode=1 data=b'{"e":"trade","E":1734647860984,"s":"BTCUSDT","t":4307339414,"p":"97494.29000000","q":"0.00026000","T":1734647860983,"m":true,"M":true}'
++Rcv raw: b'\x81~\x00\x87{"e":"trade","E":1734647861211,"s":"BTCUSDT","t":4307339415,"p":"97494.30000000","q":"0.00172000","T":1734647861210,"m":false,"M":true}'
++Rcv decoded: fin=1 opcode=1 data=b'{"e":"trade","E":1734647861211,"s":"BTCUSDT","t":4307339415,"p":"97494.30000000","q":"0.00172000","T":1734647861210,"m":false,"M":true}'
++Rcv raw: b'\x81~\x00\x87{"e":"trade","E":1734647861327,"s":"BTCUSDT","t":4307339416,"p":"97494.30000000","q":"0.00116000","T":1734647861327,"m":false,"M":true}'
++Rcv decoded: fin=1 opcode=1 data=b'{"e":"trade","E":1734647861327,"s":"BTCUSDT","t":4307339416,"p":"97494.30000000","q":"0.00116000","T":1734647861327,"m":false,"M":true}'
++Rcv raw: b'\x81~\x00\x87{"e":"trade","E":1734647861433,"s":"BTCUSDT","t":4307339417,"p":"97494.30000000","q":"0.00012000","T":1734647861433,"m":false,"M":true}'
++Rcv decoded: fin=1 opcode=1 data=b'{"e":"trade","E":1734647861433,"s":"BTCUSDT","t":4307339417,"p":"97494.30000000","q":"0.00012000","T":1734647861433,"m":false,"M":true}'
++Rcv raw: b'\x81~\x00\x87{"e":"trade","E":1734647861694,"s":"BTCUSDT","t":4307339418,"p":"97494.30000000","q":"0.02000000","T":1734647861694,"m":false,"M":true}'
++Rcv decoded: fin=1 opcode=1 data=b'{"e":"trade","E":1734647861694,"s":"BTCUSDT","t":4307339418,"p":"97494.30000000","q":"0.02000000","T":1734647861694,"m":false,"M":true}'
++Rcv raw: b'\x81~\x00\x86{"e":"trade","E":1734647861710,"s":"BTCUSDT","t":4307339419,"p":"97494.29000000","q":"0.00036000","T":1734647861709,"m":true,"M":true}'
++Rcv decoded: fin=1 opcode=1 data=b'{"e":"trade","E":1734647861710,"s":"BTCUSDT","t":4307339419,"p":"97494.29000000","q":"0.00036000","T":1734647861709,"m":true,"M":true}'
++Rcv raw: b'\x81~\x00\x87{"e":"trade","E":1734647862077,"s":"BTCUSDT","t":4307339420,"p":"97494.30000000","q":"0.00103000","T":1734647862076,"m":false,"M":true}'
++Rcv decoded: fin=1 opcode=1 data=b'{"e":"trade","E":1734647862077,"s":"BTCUSDT","t":4307339420,"p":"97494.30000000","q":"0.00103000","T":1734647862076,"m":false,"M":true}'
++Rcv raw: b'\x81~\x00\x86{"e":"trade","E":1734647862087,"s":"BTCUSDT","t":4307339421,"p":"97494.29000000","q":"0.00149000","T":1734647862086,"m":true,"M":true}'
++Rcv decoded: fin=1 opcode=1 data=b'{"e":"trade","E":1734647862087,"s":"BTCUSDT","t":4307339421,"p":"97494.29000000","q":"0.00149000","T":1734647862086,"m":true,"M":true}'
++Rcv raw: b'\x81~\x00\x87{"e":"trade","E":1734647862394,"s":"BTCUSDT","t":4307339422,"p":"97494.30000000","q":"0.00060000","T":1734647862394,"m":false,"M":true}'
++Rcv decoded: fin=1 opcode=1 data=b'{"e":"trade","E":1734647862394,"s":"BTCUSDT","t":4307339422,"p":"97494.30000000","q":"0.00060000","T":1734647862394,"m":false,"M":true}'
++Rcv raw: b'\x81~\x00\x87{"e":"trade","E":1734647862417,"s":"BTCUSDT","t":4307339423,"p":"97494.30000000","q":"0.00045000","T":1734647862416,"m":false,"M":true}'
++Rcv decoded: fin=1 opcode=1 data=b'{"e":"trade","E":1734647862417,"s":"BTCUSDT","t":4307339423,"p":"97494.30000000","q":"0.00045000","T":1734647862416,"m":false,"M":true}'
++Rcv raw: b'\x81~\x00\x87{"e":"trade","E":1734647863219,"s":"BTCUSDT","t":4307339424,"p":"97494.30000000","q":"0.00053000","T":1734647863218,"m":false,"M":true}'
++Rcv decoded: fin=1 opcode=1 data=b'{"e":"trade","E":1734647863219,"s":"BTCUSDT","t":4307339424,"p":"97494.30000000","q":"0.00053000","T":1734647863218,"m":false,"M":true}'
++Rcv raw: b'\x81~\x00\x87{"e":"trade","E":1734647863222,"s":"BTCUSDT","t":4307339425,"p":"97494.30000000","q":"0.00071000","T":1734647863222,"m":false,"M":true}'
++Rcv decoded: fin=1 opcode=1 data=b'{"e":"trade","E":1734647863222,"s":"BTCUSDT","t":4307339425,"p":"97494.30000000","q":"0.00071000","T":1734647863222,"m":false,"M":true}'
++Rcv raw: b'\x81~\x00\x87{"e":"trade","E":1734647863520,"s":"BTCUSDT","t":4307339426,"p":"97494.30000000","q":"0.00077000","T":1734647863519,"m":false,"M":true}'
++Rcv decoded: fin=1 opcode=1 data=b'{"e":"trade","E":1734647863520,"s":"BTCUSDT","t":4307339426,"p":"97494.30000000","q":"0.00077000","T":1734647863519,"m":false,"M":true}'
++Rcv raw: b'\x81~\x00\x86{"e":"trade","E":1734647863522,"s":"BTCUSDT","t":4307339427,"p":"97494.29000000","q":"0.00143000","T":1734647863521,"m":true,"M":true}'
++Rcv decoded: fin=1 opcode=1 data=b'{"e":"trade","E":1734647863522,"s":"BTCUSDT","t":4307339427,"p":"97494.29000000","q":"0.00143000","T":1734647863521,"m":true,"M":true}'
++Rcv raw: b'\x81~\x00\x87{"e":"trade","E":1734647863576,"s":"BTCUSDT","t":4307339428,"p":"97494.30000000","q":"0.00307000","T":1734647863576,"m":false,"M":true}'
++Rcv decoded: fin=1 opcode=1 data=b'{"e":"trade","E":1734647863576,"s":"BTCUSDT","t":4307339428,"p":"97494.30000000","q":"0.00307000","T":1734647863576,"m":false,"M":true}'
++Rcv raw: b'\x81~\x00\x86{"e":"trade","E":1734647864000,"s":"BTCUSDT","t":4307339429,"p":"97494.29000000","q":"0.00024000","T":1734647863999,"m":true,"M":true}'
++Rcv decoded: fin=1 opcode=1 data=b'{"e":"trade","E":1734647864000,"s":"BTCUSDT","t":4307339429,"p":"97494.29000000","q":"0.00024000","T":1734647863999,"m":true,"M":true}'
++Rcv raw: b'\x81~\x00\x86{"e":"trade","E":1734647864115,"s":"BTCUSDT","t":4307339430,"p":"97494.29000000","q":"0.02439000","T":1734647864114,"m":true,"M":true}'
++Rcv decoded: fin=1 opcode=1 data=b'{"e":"trade","E":1734647864115,"s":"BTCUSDT","t":4307339430,"p":"97494.29000000","q":"0.02439000","T":1734647864114,"m":true,"M":true}'
++Rcv raw: b'\x81~\x00\x86{"e":"trade","E":1734647864118,"s":"BTCUSDT","t":4307339431,"p":"97494.29000000","q":"0.00507000","T":1734647864118,"m":true,"M":true}'
++Rcv decoded: fin=1 opcode=1 data=b'{"e":"trade","E":1734647864118,"s":"BTCUSDT","t":4307339431,"p":"97494.29000000","q":"0.00507000","T":1734647864118,"m":true,"M":true}'
++Rcv raw: b'\x81~\x00\x86{"e":"trade","E":1734647864580,"s":"BTCUSDT","t":4307339432,"p":"97494.29000000","q":"0.03580000","T":1734647864578,"m":true,"M":true}'
++Rcv decoded: fin=1 opcode=1 data=b'{"e":"trade","E":1734647864580,"s":"BTCUSDT","t":4307339432,"p":"97494.29000000","q":"0.03580000","T":1734647864578,"m":true,"M":true}'
++Rcv raw: b'\x81~\x00\x86{"e":"trade","E":1734647864580,"s":"BTCUSDT","t":4307339433,"p":"97494.29000000","q":"0.01000000","T":1734647864578,"m":true,"M":true}'
++Rcv decoded: fin=1 opcode=1 data=b'{"e":"trade","E":1734647864580,"s":"BTCUSDT","t":4307339433,"p":"97494.29000000","q":"0.01000000","T":1734647864578,"m":true,"M":true}'
++Rcv raw: b'\x81~\x00\x86{"e":"trade","E":1734647864580,"s":"BTCUSDT","t":4307339434,"p":"97494.29000000","q":"0.00032000","T":1734647864578,"m":true,"M":true}'
++Rcv decoded: fin=1 opcode=1 data=b'{"e":"trade","E":1734647864580,"s":"BTCUSDT","t":4307339434,"p":"97494.29000000","q":"0.00032000","T":1734647864578,"m":true,"M":true}'
++Rcv raw: b'\x81~\x00\x86{"e":"trade","E":1734647864580,"s":"BTCUSDT","t":4307339435,"p":"97494.29000000","q":"0.00041000","T":1734647864578,"m":true,"M":true}'
++Rcv decoded: fin=1 opcode=1 data=b'{"e":"trade","E":1734647864580,"s":"BTCUSDT","t":4307339435,"p":"97494.29000000","q":"0.00041000","T":1734647864578,"m":true,"M":true}'
++Rcv raw: b'\x81~\x00\x86{"e":"trade","E":1734647864580,"s":"BTCUSDT","t":4307339436,"p":"97494.29000000","q":"0.02070000","T":1734647864578,"m":true,"M":true}'
++Rcv decoded: fin=1 opcode=1 data=b'{"e":"trade","E":1734647864580,"s":"BTCUSDT","t":4307339436,"p":"97494.29000000","q":"0.02070000","T":1734647864578,"m":true,"M":true}'
++Rcv raw: b'\x81~\x00\x86{"e":"trade","E":1734647864580,"s":"BTCUSDT","t":4307339437,"p":"97494.29000000","q":"0.00236000","T":1734647864578,"m":true,"M":true}'
++Rcv decoded: fin=1 opcode=1 data=b'{"e":"trade","E":1734647864580,"s":"BTCUSDT","t":4307339437,"p":"97494.29000000","q":"0.00236000","T":1734647864578,"m":true,"M":true}'
++Rcv raw: b'\x81~\x00\x86{"e":"trade","E":1734647864580,"s":"BTCUSDT","t":4307339438,"p":"97494.29000000","q":"0.00010000","T":1734647864578,"m":true,"M":true}'
++Rcv decoded: fin=1 opcode=1 data=b'{"e":"trade","E":1734647864580,"s":"BTCUSDT","t":4307339438,"p":"97494.29000000","q":"0.00010000","T":1734647864578,"m":true,"M":true}'
++Rcv raw: b'\x81~\x00\x86{"e":"trade","E":1734647864580,"s":"BTCUSDT","t":4307339439,"p":"97494.29000000","q":"0.00007000","T":1734647864578,"m":true,"M":true}'
++Rcv decoded: fin=1 opcode=1 data=b'{"e":"trade","E":1734647864580,"s":"BTCUSDT","t":4307339439,"p":"97494.29000000","q":"0.00007000","T":1734647864578,"m":true,"M":true}'
++Rcv raw: b'\x81~\x00\x86{"e":"trade","E":1734647864580,"s":"BTCUSDT","t":4307339440,"p":"97494.29000000","q":"0.01024000","T":1734647864578,"m":true,"M":true}'
++Rcv decoded: fin=1 opcode=1 data=b'{"e":"trade","E":1734647864580,"s":"BTCUSDT","t":4307339440,"p":"97494.29000000","q":"0.01024000","T":1734647864578,"m":true,"M":true}'
++Rcv raw: b'\x81~\x00\x86{"e":"trade","E":1734647864580,"s":"BTCUSDT","t":4307339441,"p":"97494.29000000","q":"0.00019000","T":1734647864579,"m":true,"M":true}'
++Rcv decoded: fin=1 opcode=1 data=b'{"e":"trade","E":1734647864580,"s":"BTCUSDT","t":4307339441,"p":"97494.29000000","q":"0.00019000","T":1734647864579,"m":true,"M":true}'
++Rcv raw: b'\x81~\x00\x86{"e":"trade","E":1734647864580,"s":"BTCUSDT","t":4307339442,"p":"97494.29000000","q":"0.01797000","T":1734647864579,"m":true,"M":true}'
++Rcv decoded: fin=1 opcode=1 data=b'{"e":"trade","E":1734647864580,"s":"BTCUSDT","t":4307339442,"p":"97494.29000000","q":"0.01797000","T":1734647864579,"m":true,"M":true}'
++Rcv raw: b'\x81~\x00\x86{"e":"trade","E":1734647864580,"s":"BTCUSDT","t":4307339443,"p":"97494.29000000","q":"0.05669000","T":1734647864579,"m":true,"M":true}'
++Rcv decoded: fin=1 opcode=1 data=b'{"e":"trade","E":1734647864580,"s":"BTCUSDT","t":4307339443,"p":"97494.29000000","q":"0.05669000","T":1734647864579,"m":true,"M":true}'
++Rcv raw: b'\x81~\x00\x86{"e":"trade","E":1734647864580,"s":"BTCUSDT","t":4307339444,"p":"97494.29000000","q":"0.04330000","T":1734647864579,"m":true,"M":true}'
++Rcv decoded: fin=1 opcode=1 data=b'{"e":"trade","E":1734647864580,"s":"BTCUSDT","t":4307339444,"p":"97494.29000000","q":"0.04330000","T":1734647864579,"m":true,"M":true}'
++Rcv raw: b'\x81~\x00\x86{"e":"trade","E":1734647864580,"s":"BTCUSDT","t":4307339445,"p":"97494.29000000","q":"0.13851000","T":1734647864579,"m":true,"M":true}'
++Rcv decoded: fin=1 opcode=1 data=b'{"e":"trade","E":1734647864580,"s":"BTCUSDT","t":4307339445,"p":"97494.29000000","q":"0.13851000","T":1734647864579,"m":true,"M":true}'
++Rcv raw: b'\x81~\x00\x86{"e":"trade","E":1734647864580,"s":"BTCUSDT","t":4307339446,"p":"97494.29000000","q":"0.00100000","T":1734647864579,"m":true,"M":true}'
++Rcv decoded: fin=1 opcode=1 data=b'{"e":"trade","E":1734647864580,"s":"BTCUSDT","t":4307339446,"p":"97494.29000000","q":"0.00100000","T":1734647864579,"m":true,"M":true}'
++Rcv raw: b'\x81~\x00\x86{"e":"trade","E":1734647864580,"s":"BTCUSDT","t":4307339447,"p":"97494.29000000","q":"0.00217000","T":1734647864579,"m":true,"M":true}'
++Rcv decoded: fin=1 opcode=1 data=b'{"e":"trade","E":1734647864580,"s":"BTCUSDT","t":4307339447,"p":"97494.29000000","q":"0.00217000","T":1734647864579,"m":true,"M":true}'
++Rcv raw: b'\x81~\x00\x86{"e":"trade","E":1734647864580,"s":"BTCUSDT","t":4307339448,"p":"97493.73000000","q":"0.00008000","T":1734647864579,"m":true,"M":true}'
++Rcv decoded: fin=1 opcode=1 data=b'{"e":"trade","E":1734647864580,"s":"BTCUSDT","t":4307339448,"p":"97493.73000000","q":"0.00008000","T":1734647864579,"m":true,"M":true}'
++Rcv raw: b'\x81~\x00\x86{"e":"trade","E":1734647864580,"s":"BTCUSDT","t":4307339449,"p":"97493.73000000","q":"0.00006000","T":1734647864579,"m":true,"M":true}'
++Rcv decoded: fin=1 opcode=1 data=b'{"e":"trade","E":1734647864580,"s":"BTCUSDT","t":4307339449,"p":"97493.73000000","q":"0.00006000","T":1734647864579,"m":true,"M":true}'
++Rcv raw: b'\x81~\x00\x86{"e":"trade","E":1734647864580,"s":"BTCUSDT","t":4307339450,"p":"97493.73000000","q":"0.00008000","T":1734647864579,"m":true,"M":true}'
++Rcv decoded: fin=1 opcode=1 data=b'{"e":"trade","E":1734647864580,"s":"BTCUSDT","t":4307339450,"p":"97493.73000000","q":"0.00008000","T":1734647864579,"m":true,"M":true}'
++Rcv raw: b'\x81~\x00\x86{"e":"trade","E":1734647864580,"s":"BTCUSDT","t":4307339451,"p":"97493.73000000","q":"0.00008000","T":1734647864579,"m":true,"M":true}'
++Rcv decoded: fin=1 opcode=1 data=b'{"e":"trade","E":1734647864580,"s":"BTCUSDT","t":4307339451,"p":"97493.73000000","q":"0.00008000","T":1734647864579,"m":true,"M":true}'
++Rcv raw: b'\x81~\x00\x86{"e":"trade","E":1734647864580,"s":"BTCUSDT","t":4307339452,"p":"97493.73000000","q":"0.00008000","T":1734647864579,"m":true,"M":true}'
++Rcv decoded: fin=1 opcode=1 data=b'{"e":"trade","E":1734647864580,"s":"BTCUSDT","t":4307339452,"p":"97493.73000000","q":"0.00008000","T":1734647864579,"m":true,"M":true}'
++Rcv raw: b'\x81~\x00\x86{"e":"trade","E":1734647864580,"s":"BTCUSDT","t":4307339453,"p":"97493.73000000","q":"0.00008000","T":1734647864579,"m":true,"M":true}'
++Rcv decoded: fin=1 opcode=1 data=b'{"e":"trade","E":1734647864580,"s":"BTCUSDT","t":4307339453,"p":"97493.73000000","q":"0.00008000","T":1734647864579,"m":true,"M":true}'
++Rcv raw: b'\x81~\x00\x86{"e":"trade","E":1734647864580,"s":"BTCUSDT","t":4307339454,"p":"97493.73000000","q":"0.00008000","T":1734647864579,"m":true,"M":true}'
++Rcv decoded: fin=1 opcode=1 data=b'{"e":"trade","E":1734647864580,"s":"BTCUSDT","t":4307339454,"p":"97493.73000000","q":"0.00008000","T":1734647864579,"m":true,"M":true}'
++Rcv raw: b'\x81~\x00\x86{"e":"trade","E":1734647864580,"s":"BTCUSDT","t":4307339455,"p":"97493.73000000","q":"0.00008000","T":1734647864579,"m":true,"M":true}'
++Rcv decoded: fin=1 opcode=1 data=b'{"e":"trade","E":1734647864580,"s":"BTCUSDT","t":4307339455,"p":"97493.73000000","q":"0.00008000","T":1734647864579,"m":true,"M":true}'
++Rcv raw: b'\x81~\x00\x86{"e":"trade","E":1734647864580,"s":"BTCUSDT","t":4307339456,"p":"97493.73000000","q":"0.00008000","T":1734647864579,"m":true,"M":true}'
++Rcv decoded: fin=1 opcode=1 data=b'{"e":"trade","E":1734647864580,"s":"BTCUSDT","t":4307339456,"p":"97493.73000000","q":"0.00008000","T":1734647864579,"m":true,"M":true}'
++Rcv raw: b'\x81~\x00\x86{"e":"trade","E":1734647864580,"s":"BTCUSDT","t":4307339457,"p":"97493.73000000","q":"0.00008000","T":1734647864579,"m":true,"M":true}'
++Rcv decoded: fin=1 opcode=1 data=b'{"e":"trade","E":1734647864580,"s":"BTCUSDT","t":4307339457,"p":"97493.73000000","q":"0.00008000","T":1734647864579,"m":true,"M":true}'
++Rcv raw: b'\x81~\x00\x86{"e":"trade","E":1734647864580,"s":"BTCUSDT","t":4307339458,"p":"97493.73000000","q":"0.00008000","T":1734647864579,"m":true,"M":true}'
++Rcv decoded: fin=1 opcode=1 data=b'{"e":"trade","E":1734647864580,"s":"BTCUSDT","t":4307339458,"p":"97493.73000000","q":"0.00008000","T":1734647864579,"m":true,"M":true}'
++Rcv raw: b'\x81~\x00\x86{"e":"trade","E":1734647864580,"s":"BTCUSDT","t":4307339459,"p":"97493.72000000","q":"0.05950000","T":1734647864579,"m":true,"M":true}'
++Rcv decoded: fin=1 opcode=1 data=b'{"e":"trade","E":1734647864580,"s":"BTCUSDT","t":4307339459,"p":"97493.72000000","q":"0.05950000","T":1734647864579,"m":true,"M":true}'
++Rcv raw: b'\x81~\x00\x86{"e":"trade","E":1734647864581,"s":"BTCUSDT","t":4307339460,"p":"97493.72000000","q":"0.14583000","T":1734647864579,"m":true,"M":true}'
++Rcv decoded: fin=1 opcode=1 data=b'{"e":"trade","E":1734647864581,"s":"BTCUSDT","t":4307339460,"p":"97493.72000000","q":"0.14583000","T":1734647864579,"m":true,"M":true}'
++Rcv raw: b'\x81~\x00\x86{"e":"trade","E":1734647864581,"s":"BTCUSDT","t":4307339461,"p":"97492.60000000","q":"0.20533000","T":1734647864579,"m":true,"M":true}'
++Rcv decoded: fin=1 opcode=1 data=b'{"e":"trade","E":1734647864581,"s":"BTCUSDT","t":4307339461,"p":"97492.60000000","q":"0.20533000","T":1734647864579,"m":true,"M":true}'
++Rcv raw: b'\x81~\x00\x86{"e":"trade","E":1734647864581,"s":"BTCUSDT","t":4307339462,"p":"97492.23000000","q":"0.00008000","T":1734647864579,"m":true,"M":true}'
++Rcv decoded: fin=1 opcode=1 data=b'{"e":"trade","E":1734647864581,"s":"BTCUSDT","t":4307339462,"p":"97492.23000000","q":"0.00008000","T":1734647864579,"m":true,"M":true}'
++Rcv raw: b'\x81~\x00\x86{"e":"trade","E":1734647864581,"s":"BTCUSDT","t":4307339463,"p":"97492.23000000","q":"0.00008000","T":1734647864579,"m":true,"M":true}'
++Rcv decoded: fin=1 opcode=1 data=b'{"e":"trade","E":1734647864581,"s":"BTCUSDT","t":4307339463,"p":"97492.23000000","q":"0.00008000","T":1734647864579,"m":true,"M":true}'
++Rcv raw: b'\x81~\x00\x86{"e":"trade","E":1734647864581,"s":"BTCUSDT","t":4307339464,"p":"97492.23000000","q":"0.00008000","T":1734647864579,"m":true,"M":true}'
++Rcv decoded: fin=1 opcode=1 data=b'{"e":"trade","E":1734647864581,"s":"BTCUSDT","t":4307339464,"p":"97492.23000000","q":"0.00008000","T":1734647864579,"m":true,"M":true}'
++Rcv raw: b'\x81~\x00\x86{"e":"trade","E":1734647864581,"s":"BTCUSDT","t":4307339465,"p":"97492.23000000","q":"0.00008000","T":1734647864579,"m":true,"M":true}'
++Rcv decoded: fin=1 opcode=1 data=b'{"e":"trade","E":1734647864581,"s":"BTCUSDT","t":4307339465,"p":"97492.23000000","q":"0.00008000","T":1734647864579,"m":true,"M":true}'
++Rcv raw: b'\x81~\x00\x86{"e":"trade","E":1734647864581,"s":"BTCUSDT","t":4307339466,"p":"97492.23000000","q":"0.00008000","T":1734647864579,"m":true,"M":true}'
++Rcv decoded: fin=1 opcode=1 data=b'{"e":"trade","E":1734647864581,"s":"BTCUSDT","t":4307339466,"p":"97492.23000000","q":"0.00008000","T":1734647864579,"m":true,"M":true}'
++Rcv raw: b'\x81~\x00\x86{"e":"trade","E":1734647864581,"s":"BTCUSDT","t":4307339467,"p":"97492.23000000","q":"0.00008000","T":1734647864579,"m":true,"M":true}'
++Rcv decoded: fin=1 opcode=1 data=b'{"e":"trade","E":1734647864581,"s":"BTCUSDT","t":4307339467,"p":"97492.23000000","q":"0.00008000","T":1734647864579,"m":true,"M":true}'
++Rcv raw: b'\x81~\x00\x86{"e":"trade","E":1734647864581,"s":"BTCUSDT","t":4307339468,"p":"97492.23000000","q":"0.00008000","T":1734647864579,"m":true,"M":true}'
++Rcv decoded: fin=1 opcode=1 data=b'{"e":"trade","E":1734647864581,"s":"BTCUSDT","t":4307339468,"p":"97492.23000000","q":"0.00008000","T":1734647864579,"m":true,"M":true}'
++Rcv raw: b'\x81~\x00\x86{"e":"trade","E":1734647864581,"s":"BTCUSDT","t":4307339469,"p":"97492.23000000","q":"0.00008000","T":1734647864579,"m":true,"M":true}'
++Rcv decoded: fin=1 opcode=1 data=b'{"e":"trade","E":1734647864581,"s":"BTCUSDT","t":4307339469,"p":"97492.23000000","q":"0.00008000","T":1734647864579,"m":true,"M":true}'
++Rcv raw: b'\x81~\x00\x86{"e":"trade","E":1734647864581,"s":"BTCUSDT","t":4307339470,"p":"97492.23000000","q":"0.00008000","T":1734647864579,"m":true,"M":true}'
++Rcv decoded: fin=1 opcode=1 data=b'{"e":"trade","E":1734647864581,"s":"BTCUSDT","t":4307339470,"p":"97492.23000000","q":"0.00008000","T":1734647864579,"m":true,"M":true}'
++Rcv raw: b'\x81~\x00\x86{"e":"trade","E":1734647864581,"s":"BTCUSDT","t":4307339471,"p":"97492.23000000","q":"0.00008000","T":1734647864579,"m":true,"M":true}'
++Rcv decoded: fin=1 opcode=1 data=b'{"e":"trade","E":1734647864581,"s":"BTCUSDT","t":4307339471,"p":"97492.23000000","q":"0.00008000","T":1734647864579,"m":true,"M":true}'
++Rcv raw: b'\x81~\x00\x86{"e":"trade","E":1734647864581,"s":"BTCUSDT","t":4307339472,"p":"97491.54000000","q":"0.00256000","T":1734647864579,"m":true,"M":true}'
++Rcv decoded: fin=1 opcode=1 data=b'{"e":"trade","E":1734647864581,"s":"BTCUSDT","t":4307339472,"p":"97491.54000000","q":"0.00256000","T":1734647864579,"m":true,"M":true}'
++Rcv raw: b'\x81~\x00\x86{"e":"trade","E":1734647864581,"s":"BTCUSDT","t":4307339473,"p":"97491.52000000","q":"0.00006000","T":1734647864579,"m":true,"M":true}'
++Rcv decoded: fin=1 opcode=1 data=b'{"e":"trade","E":1734647864581,"s":"BTCUSDT","t":4307339473,"p":"97491.52000000","q":"0.00006000","T":1734647864579,"m":true,"M":true}'
++Rcv raw: b'\x81~\x00\x86{"e":"trade","E":1734647864581,"s":"BTCUSDT","t":4307339474,"p":"97490.95000000","q":"0.06309000","T":1734647864579,"m":true,"M":true}'
++Rcv decoded: fin=1 opcode=1 data=b'{"e":"trade","E":1734647864581,"s":"BTCUSDT","t":4307339474,"p":"97490.95000000","q":"0.06309000","T":1734647864579,"m":true,"M":true}'
++Rcv raw: b'\x81~\x00\x86{"e":"trade","E":1734647864581,"s":"BTCUSDT","t":4307339475,"p":"97490.73000000","q":"0.00008000","T":1734647864579,"m":true,"M":true}'
++Rcv decoded: fin=1 opcode=1 data=b'{"e":"trade","E":1734647864581,"s":"BTCUSDT","t":4307339475,"p":"97490.73000000","q":"0.00008000","T":1734647864579,"m":true,"M":true}'
++Rcv raw: b'\x81~\x00\x86{"e":"trade","E":1734647864581,"s":"BTCUSDT","t":4307339476,"p":"97490.73000000","q":"0.20533000","T":1734647864579,"m":true,"M":true}'
++Rcv decoded: fin=1 opcode=1 data=b'{"e":"trade","E":1734647864581,"s":"BTCUSDT","t":4307339476,"p":"97490.73000000","q":"0.20533000","T":1734647864579,"m":true,"M":true}'
++Rcv raw: b'\x81~\x00\x86{"e":"trade","E":1734647864581,"s":"BTCUSDT","t":4307339477,"p":"97490.73000000","q":"0.00008000","T":1734647864579,"m":true,"M":true}'
++Rcv decoded: fin=1 opcode=1 data=b'{"e":"trade","E":1734647864581,"s":"BTCUSDT","t":4307339477,"p":"97490.73000000","q":"0.00008000","T":1734647864579,"m":true,"M":true}'
++Rcv raw: b'\x81~\x00\x86{"e":"trade","E":1734647864581,"s":"BTCUSDT","t":4307339478,"p":"97490.73000000","q":"0.00008000","T":1734647864579,"m":true,"M":true}'
++Rcv decoded: fin=1 opcode=1 data=b'{"e":"trade","E":1734647864581,"s":"BTCUSDT","t":4307339478,"p":"97490.73000000","q":"0.00008000","T":1734647864579,"m":true,"M":true}'
++Rcv raw: b'\x81~\x00\x86{"e":"trade","E":1734647864581,"s":"BTCUSDT","t":4307339479,"p":"97490.73000000","q":"0.00008000","T":1734647864579,"m":true,"M":true}'
++Rcv decoded: fin=1 opcode=1 data=b'{"e":"trade","E":1734647864581,"s":"BTCUSDT","t":4307339479,"p":"97490.73000000","q":"0.00008000","T":1734647864579,"m":true,"M":true}'
++Rcv raw: b'\x81~\x00\x86{"e":"trade","E":1734647864581,"s":"BTCUSDT","t":4307339480,"p":"97490.73000000","q":"0.00008000","T":1734647864579,"m":true,"M":true}'
++Rcv decoded: fin=1 opcode=1 data=b'{"e":"trade","E":1734647864581,"s":"BTCUSDT","t":4307339480,"p":"97490.73000000","q":"0.00008000","T":1734647864579,"m":true,"M":true}'
++Rcv raw: b'\x81~\x00\x86{"e":"trade","E":1734647864581,"s":"BTCUSDT","t":4307339481,"p":"97490.73000000","q":"0.00008000","T":1734647864579,"m":true,"M":true}'
++Rcv decoded: fin=1 opcode=1 data=b'{"e":"trade","E":1734647864581,"s":"BTCUSDT","t":4307339481,"p":"97490.73000000","q":"0.00008000","T":1734647864579,"m":true,"M":true}'
++Rcv raw: b'\x81~\x00\x86{"e":"trade","E":1734647864581,"s":"BTCUSDT","t":4307339482,"p":"97490.73000000","q":"0.00008000","T":1734647864579,"m":true,"M":true}'
++Rcv decoded: fin=1 opcode=1 data=b'{"e":"trade","E":1734647864581,"s":"BTCUSDT","t":4307339482,"p":"97490.73000000","q":"0.00008000","T":1734647864579,"m":true,"M":true}'
++Rcv raw: b'\x81~\x00\x86{"e":"trade","E":1734647864581,"s":"BTCUSDT","t":4307339483,"p":"97490.73000000","q":"0.00008000","T":1734647864579,"m":true,"M":true}'
++Rcv decoded: fin=1 opcode=1 data=b'{"e":"trade","E":1734647864581,"s":"BTCUSDT","t":4307339483,"p":"97490.73000000","q":"0.00008000","T":1734647864579,"m":true,"M":true}'
++Rcv raw: b'\x81~\x00\x86{"e":"trade","E":1734647864581,"s":"BTCUSDT","t":4307339484,"p":"97490.73000000","q":"0.00008000","T":1734647864579,"m":true,"M":true}'
++Rcv decoded: fin=1 opcode=1 data=b'{"e":"trade","E":1734647864581,"s":"BTCUSDT","t":4307339484,"p":"97490.73000000","q":"0.00008000","T":1734647864579,"m":true,"M":true}'
++Rcv raw: b'\x81~\x00\x86{"e":"trade","E":1734647864581,"s":"BTCUSDT","t":4307339485,"p":"97490.73000000","q":"0.00008000","T":1734647864579,"m":true,"M":true}'
++Rcv decoded: fin=1 opcode=1 data=b'{"e":"trade","E":1734647864581,"s":"BTCUSDT","t":4307339485,"p":"97490.73000000","q":"0.00008000","T":1734647864579,"m":true,"M":true}'
++Rcv raw: b'\x81~\x00\x86{"e":"trade","E":1734647864581,"s":"BTCUSDT","t":4307339486,"p":"97490.72000000","q":"0.02905000","T":1734647864579,"m":true,"M":true}'
++Rcv decoded: fin=1 opcode=1 data=b'{"e":"trade","E":1734647864581,"s":"BTCUSDT","t":4307339486,"p":"97490.72000000","q":"0.02905000","T":1734647864579,"m":true,"M":true}'
++Rcv raw: b'\x81~\x00\x86{"e":"trade","E":1734647864581,"s":"BTCUSDT","t":4307339487,"p":"97490.49000000","q":"0.00008000","T":1734647864579,"m":true,"M":true}'
++Rcv decoded: fin=1 opcode=1 data=b'{"e":"trade","E":1734647864581,"s":"BTCUSDT","t":4307339487,"p":"97490.49000000","q":"0.00008000","T":1734647864579,"m":true,"M":true}'
++Rcv raw: b'\x81~\x00\x86{"e":"trade","E":1734647864581,"s":"BTCUSDT","t":4307339488,"p":"97490.49000000","q":"0.00008000","T":1734647864579,"m":true,"M":true}'
++Rcv decoded: fin=1 opcode=1 data=b'{"e":"trade","E":1734647864581,"s":"BTCUSDT","t":4307339488,"p":"97490.49000000","q":"0.00008000","T":1734647864579,"m":true,"M":true}'
++Rcv raw: b'\x81~\x00\x86{"e":"trade","E":1734647864581,"s":"BTCUSDT","t":4307339489,"p":"97490.49000000","q":"0.00008000","T":1734647864579,"m":true,"M":true}'
++Rcv decoded: fin=1 opcode=1 data=b'{"e":"trade","E":1734647864581,"s":"BTCUSDT","t":4307339489,"p":"97490.49000000","q":"0.00008000","T":1734647864579,"m":true,"M":true}'
++Rcv raw: b'\x81~\x00\x86{"e":"trade","E":1734647864581,"s":"BTCUSDT","t":4307339490,"p":"97490.49000000","q":"0.00008000","T":1734647864579,"m":true,"M":true}'
++Rcv decoded: fin=1 opcode=1 data=b'{"e":"trade","E":1734647864581,"s":"BTCUSDT","t":4307339490,"p":"97490.49000000","q":"0.00008000","T":1734647864579,"m":true,"M":true}'
++Rcv raw: b'\x81~\x00\x86{"e":"trade","E":1734647864581,"s":"BTCUSDT","t":4307339491,"p":"97490.49000000","q":"0.00008000","T":1734647864579,"m":true,"M":true}'
++Rcv decoded: fin=1 opcode=1 data=b'{"e":"trade","E":1734647864581,"s":"BTCUSDT","t":4307339491,"p":"97490.49000000","q":"0.00008000","T":1734647864579,"m":true,"M":true}'
++Rcv raw: b'\x81~\x00\x86{"e":"trade","E":1734647864581,"s":"BTCUSDT","t":4307339492,"p":"97490.49000000","q":"0.00008000","T":1734647864579,"m":true,"M":true}'
++Rcv decoded: fin=1 opcode=1 data=b'{"e":"trade","E":1734647864581,"s":"BTCUSDT","t":4307339492,"p":"97490.49000000","q":"0.00008000","T":1734647864579,"m":true,"M":true}'
++Rcv raw: b'\x81~\x00\x86{"e":"trade","E":1734647864581,"s":"BTCUSDT","t":4307339493,"p":"97490.49000000","q":"0.00008000","T":1734647864579,"m":true,"M":true}'
++Rcv decoded: fin=1 opcode=1 data=b'{"e":"trade","E":1734647864581,"s":"BTCUSDT","t":4307339493,"p":"97490.49000000","q":"0.00008000","T":1734647864579,"m":true,"M":true}'
++Rcv raw: b'\x81~\x00\x86{"e":"trade","E":1734647864581,"s":"BTCUSDT","t":4307339494,"p":"97490.49000000","q":"0.00008000","T":1734647864579,"m":true,"M":true}'
++Rcv decoded: fin=1 opcode=1 data=b'{"e":"trade","E":1734647864581,"s":"BTCUSDT","t":4307339494,"p":"97490.49000000","q":"0.00008000","T":1734647864579,"m":true,"M":true}'
++Rcv raw: b'\x81~\x00\x86{"e":"trade","E":1734647864581,"s":"BTCUSDT","t":4307339495,"p":"97490.49000000","q":"0.00008000","T":1734647864579,"m":true,"M":true}'
++Rcv decoded: fin=1 opcode=1 data=b'{"e":"trade","E":1734647864581,"s":"BTCUSDT","t":4307339495,"p":"97490.49000000","q":"0.00008000","T":1734647864579,"m":true,"M":true}'
++Rcv raw: b'\x81~\x00\x86{"e":"trade","E":1734647864581,"s":"BTCUSDT","t":4307339496,"p":"97490.49000000","q":"0.00008000","T":1734647864579,"m":true,"M":true}'
++Rcv decoded: fin=1 opcode=1 data=b'{"e":"trade","E":1734647864581,"s":"BTCUSDT","t":4307339496,"p":"97490.49000000","q":"0.00008000","T":1734647864579,"m":true,"M":true}'
++Rcv raw: b'\x81~\x00\x86{"e":"trade","E":1734647864581,"s":"BTCUSDT","t":4307339497,"p":"97490.48000000","q":"0.06780000","T":1734647864579,"m":true,"M":true}'
++Rcv decoded: fin=1 opcode=1 data=b'{"e":"trade","E":1734647864581,"s":"BTCUSDT","t":4307339497,"p":"97490.48000000","q":"0.06780000","T":1734647864579,"m":true,"M":true}'
++Rcv raw: b'\x81~\x00\x86{"e":"trade","E":1734647864581,"s":"BTCUSDT","t":4307339498,"p":"97490.48000000","q":"0.05718000","T":1734647864579,"m":true,"M":true}'
++Rcv decoded: fin=1 opcode=1 data=b'{"e":"trade","E":1734647864581,"s":"BTCUSDT","t":4307339498,"p":"97490.48000000","q":"0.05718000","T":1734647864579,"m":true,"M":true}'
++Rcv raw: b'\x81~\x00\x86{"e":"trade","E":1734647864581,"s":"BTCUSDT","t":4307339499,"p":"97490.25000000","q":"0.00006000","T":1734647864579,"m":true,"M":true}'
++Rcv decoded: fin=1 opcode=1 data=b'{"e":"trade","E":1734647864581,"s":"BTCUSDT","t":4307339499,"p":"97490.25000000","q":"0.00006000","T":1734647864579,"m":true,"M":true}'
++Rcv raw: b'\x81~\x00\x86{"e":"trade","E":1734647864581,"s":"BTCUSDT","t":4307339500,"p":"97488.77000000","q":"0.00008000","T":1734647864579,"m":true,"M":true}'
++Rcv decoded: fin=1 opcode=1 data=b'{"e":"trade","E":1734647864581,"s":"BTCUSDT","t":4307339500,"p":"97488.77000000","q":"0.00008000","T":1734647864579,"m":true,"M":true}'
++Rcv raw: b'\x81~\x00\x86{"e":"trade","E":1734647864581,"s":"BTCUSDT","t":4307339501,"p":"97488.77000000","q":"0.00008000","T":1734647864579,"m":true,"M":true}'
++Rcv decoded: fin=1 opcode=1 data=b'{"e":"trade","E":1734647864581,"s":"BTCUSDT","t":4307339501,"p":"97488.77000000","q":"0.00008000","T":1734647864579,"m":true,"M":true}'
++Rcv raw: b'\x81~\x00\x86{"e":"trade","E":1734647864581,"s":"BTCUSDT","t":4307339502,"p":"97488.77000000","q":"0.00008000","T":1734647864579,"m":true,"M":true}'
++Rcv decoded: fin=1 opcode=1 data=b'{"e":"trade","E":1734647864581,"s":"BTCUSDT","t":4307339502,"p":"97488.77000000","q":"0.00008000","T":1734647864579,"m":true,"M":true}'
++Rcv raw: b'\x81~\x00\x86{"e":"trade","E":1734647864581,"s":"BTCUSDT","t":4307339503,"p":"97488.77000000","q":"0.00008000","T":1734647864579,"m":true,"M":true}'
++Rcv decoded: fin=1 opcode=1 data=b'{"e":"trade","E":1734647864581,"s":"BTCUSDT","t":4307339503,"p":"97488.77000000","q":"0.00008000","T":1734647864579,"m":true,"M":true}'
++Rcv raw: b'\x81~\x00\x86{"e":"trade","E":1734647864581,"s":"BTCUSDT","t":4307339504,"p":"97488.77000000","q":"0.00008000","T":1734647864579,"m":true,"M":true}'
++Rcv decoded: fin=1 opcode=1 data=b'{"e":"trade","E":1734647864581,"s":"BTCUSDT","t":4307339504,"p":"97488.77000000","q":"0.00008000","T":1734647864579,"m":true,"M":true}'
++Rcv raw: b'\x81~\x00\x86{"e":"trade","E":1734647864581,"s":"BTCUSDT","t":4307339505,"p":"97488.77000000","q":"0.00008000","T":1734647864579,"m":true,"M":true}'
++Rcv decoded: fin=1 opcode=1 data=b'{"e":"trade","E":1734647864581,"s":"BTCUSDT","t":4307339505,"p":"97488.77000000","q":"0.00008000","T":1734647864579,"m":true,"M":true}'
++Rcv raw: b'\x81~\x00\x86{"e":"trade","E":1734647864581,"s":"BTCUSDT","t":4307339506,"p":"97488.77000000","q":"0.00008000","T":1734647864579,"m":true,"M":true}'
++Rcv decoded: fin=1 opcode=1 data=b'{"e":"trade","E":1734647864581,"s":"BTCUSDT","t":4307339506,"p":"97488.77000000","q":"0.00008000","T":1734647864579,"m":true,"M":true}'
++Rcv raw: b'\x81~\x00\x86{"e":"trade","E":1734647864581,"s":"BTCUSDT","t":4307339507,"p":"97488.77000000","q":"0.00008000","T":1734647864579,"m":true,"M":true}'
++Rcv decoded: fin=1 opcode=1 data=b'{"e":"trade","E":1734647864581,"s":"BTCUSDT","t":4307339507,"p":"97488.77000000","q":"0.00008000","T":1734647864579,"m":true,"M":true}'
++Rcv raw: b'\x81~\x00\x86{"e":"trade","E":1734647864581,"s":"BTCUSDT","t":4307339508,"p":"97488.77000000","q":"0.00008000","T":1734647864579,"m":true,"M":true}'
++Rcv decoded: fin=1 opcode=1 data=b'{"e":"trade","E":1734647864581,"s":"BTCUSDT","t":4307339508,"p":"97488.77000000","q":"0.00008000","T":1734647864579,"m":true,"M":true}'
++Rcv raw: b'\x81~\x00\x86{"e":"trade","E":1734647864581,"s":"BTCUSDT","t":4307339509,"p":"97488.77000000","q":"0.00008000","T":1734647864579,"m":true,"M":true}'
++Rcv decoded: fin=1 opcode=1 data=b'{"e":"trade","E":1734647864581,"s":"BTCUSDT","t":4307339509,"p":"97488.77000000","q":"0.00008000","T":1734647864579,"m":true,"M":true}'
++Rcv raw: b'\x81~\x00\x86{"e":"trade","E":1734647864581,"s":"BTCUSDT","t":4307339510,"p":"97488.76000000","q":"0.00347000","T":1734647864579,"m":true,"M":true}'
++Rcv decoded: fin=1 opcode=1 data=b'{"e":"trade","E":1734647864581,"s":"BTCUSDT","t":4307339510,"p":"97488.76000000","q":"0.00347000","T":1734647864579,"m":true,"M":true}'
++Rcv raw: b'\x81~\x00\x86{"e":"trade","E":1734647864581,"s":"BTCUSDT","t":4307339511,"p":"97488.76000000","q":"0.03573000","T":1734647864579,"m":true,"M":true}'
++Rcv decoded: fin=1 opcode=1 data=b'{"e":"trade","E":1734647864581,"s":"BTCUSDT","t":4307339511,"p":"97488.76000000","q":"0.03573000","T":1734647864579,"m":true,"M":true}'
++Rcv raw: b'\x81~\x00\x86{"e":"trade","E":1734647864583,"s":"BTCUSDT","t":4307339512,"p":"97488.76000000","q":"1.04013000","T":1734647864580,"m":true,"M":true}'
++Rcv decoded: fin=1 opcode=1 data=b'{"e":"trade","E":1734647864583,"s":"BTCUSDT","t":4307339512,"p":"97488.76000000","q":"1.04013000","T":1734647864580,"m":true,"M":true}'
++Rcv raw: b'\x81~\x00\x86{"e":"trade","E":1734647864583,"s":"BTCUSDT","t":4307339513,"p":"97488.21000000","q":"0.20534000","T":1734647864580,"m":true,"M":true}'
++Rcv decoded: fin=1 opcode=1 data=b'{"e":"trade","E":1734647864583,"s":"BTCUSDT","t":4307339513,"p":"97488.21000000","q":"0.20534000","T":1734647864580,"m":true,"M":true}'
++Rcv raw: b'\x81~\x00\x86{"e":"trade","E":1734647864583,"s":"BTCUSDT","t":4307339514,"p":"97488.00000000","q":"0.00010000","T":1734647864580,"m":true,"M":true}'
++Rcv decoded: fin=1 opcode=1 data=b'{"e":"trade","E":1734647864583,"s":"BTCUSDT","t":4307339514,"p":"97488.00000000","q":"0.00010000","T":1734647864580,"m":true,"M":true}'
++Rcv raw: b'\x81~\x00\x86{"e":"trade","E":1734647864583,"s":"BTCUSDT","t":4307339515,"p":"97488.00000000","q":"0.00010000","T":1734647864580,"m":true,"M":true}'
++Rcv decoded: fin=1 opcode=1 data=b'{"e":"trade","E":1734647864583,"s":"BTCUSDT","t":4307339515,"p":"97488.00000000","q":"0.00010000","T":1734647864580,"m":true,"M":true}'
++Rcv raw: b'\x81~\x00\x86{"e":"trade","E":1734647864583,"s":"BTCUSDT","t":4307339516,"p":"97487.44000000","q":"0.00007000","T":1734647864580,"m":true,"M":true}'
++Rcv decoded: fin=1 opcode=1 data=b'{"e":"trade","E":1734647864583,"s":"BTCUSDT","t":4307339516,"p":"97487.44000000","q":"0.00007000","T":1734647864580,"m":true,"M":true}'
++Rcv raw: b'\x81~\x00\x86{"e":"trade","E":1734647864583,"s":"BTCUSDT","t":4307339517,"p":"97486.30000000","q":"0.00012000","T":1734647864580,"m":true,"M":true}'
++Rcv decoded: fin=1 opcode=1 data=b'{"e":"trade","E":1734647864583,"s":"BTCUSDT","t":4307339517,"p":"97486.30000000","q":"0.00012000","T":1734647864580,"m":true,"M":true}'
++Rcv raw: b'\x81~\x00\x86{"e":"trade","E":1734647864583,"s":"BTCUSDT","t":4307339518,"p":"97485.87000000","q":"0.00006000","T":1734647864580,"m":true,"M":true}'
++Rcv decoded: fin=1 opcode=1 data=b'{"e":"trade","E":1734647864583,"s":"BTCUSDT","t":4307339518,"p":"97485.87000000","q":"0.00006000","T":1734647864580,"m":true,"M":true}'
++Rcv raw: b'\x81~\x00\x86{"e":"trade","E":1734647864583,"s":"BTCUSDT","t":4307339519,"p":"97485.20000000","q":"0.00006000","T":1734647864580,"m":true,"M":true}'
++Rcv decoded: fin=1 opcode=1 data=b'{"e":"trade","E":1734647864583,"s":"BTCUSDT","t":4307339519,"p":"97485.20000000","q":"0.00006000","T":1734647864580,"m":true,"M":true}'
++Rcv raw: b'\x81~\x00\x86{"e":"trade","E":1734647864583,"s":"BTCUSDT","t":4307339520,"p":"97484.84000000","q":"0.06858000","T":1734647864580,"m":true,"M":true}'
++Rcv decoded: fin=1 opcode=1 data=b'{"e":"trade","E":1734647864583,"s":"BTCUSDT","t":4307339520,"p":"97484.84000000","q":"0.06858000","T":1734647864580,"m":true,"M":true}'
++Rcv raw: b'\x81~\x00\x86{"e":"trade","E":1734647864583,"s":"BTCUSDT","t":4307339521,"p":"97484.33000000","q":"0.00300000","T":1734647864580,"m":true,"M":true}'
++Rcv decoded: fin=1 opcode=1 data=b'{"e":"trade","E":1734647864583,"s":"BTCUSDT","t":4307339521,"p":"97484.33000000","q":"0.00300000","T":1734647864580,"m":true,"M":true}'
++Rcv raw: b'\x81~\x00\x86{"e":"trade","E":1734647864583,"s":"BTCUSDT","t":4307339522,"p":"97484.00000000","q":"0.00010000","T":1734647864580,"m":true,"M":true}'
++Rcv decoded: fin=1 opcode=1 data=b'{"e":"trade","E":1734647864583,"s":"BTCUSDT","t":4307339522,"p":"97484.00000000","q":"0.00010000","T":1734647864580,"m":true,"M":true}'
++Rcv raw: b'\x81~\x00\x86{"e":"trade","E":1734647864583,"s":"BTCUSDT","t":4307339523,"p":"97483.92000000","q":"0.01000000","T":1734647864580,"m":true,"M":true}'
++Rcv decoded: fin=1 opcode=1 data=b'{"e":"trade","E":1734647864583,"s":"BTCUSDT","t":4307339523,"p":"97483.92000000","q":"0.01000000","T":1734647864580,"m":true,"M":true}'
++Rcv raw: b'\x81~\x00\x86{"e":"trade","E":1734647864583,"s":"BTCUSDT","t":4307339524,"p":"97482.73000000","q":"0.05765000","T":1734647864580,"m":true,"M":true}'
++Rcv decoded: fin=1 opcode=1 data=b'{"e":"trade","E":1734647864583,"s":"BTCUSDT","t":4307339524,"p":"97482.73000000","q":"0.05765000","T":1734647864580,"m":true,"M":true}'
++Rcv raw: b'\x81~\x00\x86{"e":"trade","E":1734647864583,"s":"BTCUSDT","t":4307339525,"p":"97482.31000000","q":"0.00042000","T":1734647864580,"m":true,"M":true}'
++Rcv decoded: fin=1 opcode=1 data=b'{"e":"trade","E":1734647864583,"s":"BTCUSDT","t":4307339525,"p":"97482.31000000","q":"0.00042000","T":1734647864580,"m":true,"M":true}'
++Rcv raw: b'\x81~\x00\x86{"e":"trade","E":1734647864583,"s":"BTCUSDT","t":4307339526,"p":"97481.44000000","q":"0.10193000","T":1734647864580,"m":true,"M":true}'
++Rcv decoded: fin=1 opcode=1 data=b'{"e":"trade","E":1734647864583,"s":"BTCUSDT","t":4307339526,"p":"97481.44000000","q":"0.10193000","T":1734647864580,"m":true,"M":true}'
++Rcv raw: b'\x81~\x00\x86{"e":"trade","E":1734647864597,"s":"BTCUSDT","t":4307339527,"p":"97488.76000000","q":"0.00226000","T":1734647864591,"m":true,"M":true}'
++Rcv decoded: fin=1 opcode=1 data=b'{"e":"trade","E":1734647864597,"s":"BTCUSDT","t":4307339527,"p":"97488.76000000","q":"0.00226000","T":1734647864591,"m":true,"M":true}'
++Rcv raw: b'\x81~\x00\x86{"e":"trade","E":1734647864623,"s":"BTCUSDT","t":4307339528,"p":"97487.44000000","q":"0.00008000","T":1734647864622,"m":true,"M":true}'
++Rcv decoded: fin=1 opcode=1 data=b'{"e":"trade","E":1734647864623,"s":"BTCUSDT","t":4307339528,"p":"97487.44000000","q":"0.00008000","T":1734647864622,"m":true,"M":true}'
++Rcv raw: b'\x81~\x00\x86{"e":"trade","E":1734647864623,"s":"BTCUSDT","t":4307339529,"p":"97487.44000000","q":"0.03773000","T":1734647864622,"m":true,"M":true}'
++Rcv decoded: fin=1 opcode=1 data=b'{"e":"trade","E":1734647864623,"s":"BTCUSDT","t":4307339529,"p":"97487.44000000","q":"0.03773000","T":1734647864622,"m":true,"M":true}'
++Rcv raw: b'\x81~\x00\x86{"e":"trade","E":1734647864623,"s":"BTCUSDT","t":4307339530,"p":"97487.44000000","q":"0.00999000","T":1734647864622,"m":true,"M":true}'
++Rcv decoded: fin=1 opcode=1 data=b'{"e":"trade","E":1734647864623,"s":"BTCUSDT","t":4307339530,"p":"97487.44000000","q":"0.00999000","T":1734647864622,"m":true,"M":true}'
++Rcv raw: b'\x81~\x00\x86{"e":"trade","E":1734647864623,"s":"BTCUSDT","t":4307339531,"p":"97487.44000000","q":"0.00001000","T":1734647864622,"m":true,"M":true}'
++Rcv decoded: fin=1 opcode=1 data=b'{"e":"trade","E":1734647864623,"s":"BTCUSDT","t":4307339531,"p":"97487.44000000","q":"0.00001000","T":1734647864622,"m":true,"M":true}'
++Rcv raw: b'\x81~\x00\x86{"e":"trade","E":1734647864623,"s":"BTCUSDT","t":4307339532,"p":"97487.44000000","q":"0.00008000","T":1734647864622,"m":true,"M":true}'
++Rcv decoded: fin=1 opcode=1 data=b'{"e":"trade","E":1734647864623,"s":"BTCUSDT","t":4307339532,"p":"97487.44000000","q":"0.00008000","T":1734647864622,"m":true,"M":true}'
++Rcv raw: b'\x81~\x00\x86{"e":"trade","E":1734647864623,"s":"BTCUSDT","t":4307339533,"p":"97487.44000000","q":"0.00008000","T":1734647864622,"m":true,"M":true}'
++Rcv decoded: fin=1 opcode=1 data=b'{"e":"trade","E":1734647864623,"s":"BTCUSDT","t":4307339533,"p":"97487.44000000","q":"0.00008000","T":1734647864622,"m":true,"M":true}'
++Rcv raw: b'\x81~\x00\x86{"e":"trade","E":1734647864623,"s":"BTCUSDT","t":4307339534,"p":"97487.44000000","q":"0.00008000","T":1734647864622,"m":true,"M":true}'
++Rcv decoded: fin=1 opcode=1 data=b'{"e":"trade","E":1734647864623,"s":"BTCUSDT","t":4307339534,"p":"97487.44000000","q":"0.00008000","T":1734647864622,"m":true,"M":true}'
++Rcv raw: b'\x81~\x00\x86{"e":"trade","E":1734647864623,"s":"BTCUSDT","t":4307339535,"p":"97487.44000000","q":"0.00008000","T":1734647864622,"m":true,"M":true}'
++Rcv decoded: fin=1 opcode=1 data=b'{"e":"trade","E":1734647864623,"s":"BTCUSDT","t":4307339535,"p":"97487.44000000","q":"0.00008000","T":1734647864622,"m":true,"M":true}'
++Rcv raw: b'\x81~\x00\x86{"e":"trade","E":1734647864623,"s":"BTCUSDT","t":4307339536,"p":"97487.44000000","q":"0.00008000","T":1734647864622,"m":true,"M":true}'
++Rcv decoded: fin=1 opcode=1 data=b'{"e":"trade","E":1734647864623,"s":"BTCUSDT","t":4307339536,"p":"97487.44000000","q":"0.00008000","T":1734647864622,"m":true,"M":true}'
++Rcv raw: b'\x81~\x00\x86{"e":"trade","E":1734647864623,"s":"BTCUSDT","t":4307339537,"p":"97487.44000000","q":"0.00008000","T":1734647864622,"m":true,"M":true}'
++Rcv decoded: fin=1 opcode=1 data=b'{"e":"trade","E":1734647864623,"s":"BTCUSDT","t":4307339537,"p":"97487.44000000","q":"0.00008000","T":1734647864622,"m":true,"M":true}'
++Rcv raw: b'\x81~\x00\x86{"e":"trade","E":1734647864623,"s":"BTCUSDT","t":4307339538,"p":"97487.44000000","q":"0.00008000","T":1734647864622,"m":true,"M":true}'
++Rcv decoded: fin=1 opcode=1 data=b'{"e":"trade","E":1734647864623,"s":"BTCUSDT","t":4307339538,"p":"97487.44000000","q":"0.00008000","T":1734647864622,"m":true,"M":true}'
++Rcv raw: b'\x81~\x00\x86{"e":"trade","E":1734647864623,"s":"BTCUSDT","t":4307339539,"p":"97487.44000000","q":"0.00008000","T":1734647864622,"m":true,"M":true}'
++Rcv decoded: fin=1 opcode=1 data=b'{"e":"trade","E":1734647864623,"s":"BTCUSDT","t":4307339539,"p":"97487.44000000","q":"0.00008000","T":1734647864622,"m":true,"M":true}'
++Rcv raw: b'\x81~\x00\x86{"e":"trade","E":1734647864623,"s":"BTCUSDT","t":4307339540,"p":"97487.44000000","q":"0.00008000","T":1734647864622,"m":true,"M":true}'
++Rcv decoded: fin=1 opcode=1 data=b'{"e":"trade","E":1734647864623,"s":"BTCUSDT","t":4307339540,"p":"97487.44000000","q":"0.00008000","T":1734647864622,"m":true,"M":true}'
++Rcv raw: b'\x81~\x00\x86{"e":"trade","E":1734647864623,"s":"BTCUSDT","t":4307339541,"p":"97486.08000000","q":"0.00006000","T":1734647864622,"m":true,"M":true}'
++Rcv decoded: fin=1 opcode=1 data=b'{"e":"trade","E":1734647864623,"s":"BTCUSDT","t":4307339541,"p":"97486.08000000","q":"0.00006000","T":1734647864622,"m":true,"M":true}'
++Rcv raw: b'\x81~\x00\x86{"e":"trade","E":1734647864623,"s":"BTCUSDT","t":4307339542,"p":"97486.08000000","q":"0.00006000","T":1734647864622,"m":true,"M":true}'
++Rcv decoded: fin=1 opcode=1 data=b'{"e":"trade","E":1734647864623,"s":"BTCUSDT","t":4307339542,"p":"97486.08000000","q":"0.00006000","T":1734647864622,"m":true,"M":true}'
++Rcv raw: b'\x81~\x00\x86{"e":"trade","E":1734647864623,"s":"BTCUSDT","t":4307339543,"p":"97486.07000000","q":"0.05055000","T":1734647864622,"m":true,"M":true}'
++Rcv decoded: fin=1 opcode=1 data=b'{"e":"trade","E":1734647864623,"s":"BTCUSDT","t":4307339543,"p":"97486.07000000","q":"0.05055000","T":1734647864622,"m":true,"M":true}'
++Rcv raw: b'\x81~\x00\x86{"e":"trade","E":1734647864751,"s":"BTCUSDT","t":4307339544,"p":"97482.75000000","q":"0.00008000","T":1734647864751,"m":true,"M":true}'
++Rcv decoded: fin=1 opcode=1 data=b'{"e":"trade","E":1734647864751,"s":"BTCUSDT","t":4307339544,"p":"97482.75000000","q":"0.00008000","T":1734647864751,"m":true,"M":true}'
++Rcv raw: b'\x81~\x00\x86{"e":"trade","E":1734647864751,"s":"BTCUSDT","t":4307339545,"p":"97482.75000000","q":"0.00652000","T":1734647864751,"m":true,"M":true}'
++Rcv decoded: fin=1 opcode=1 data=b'{"e":"trade","E":1734647864751,"s":"BTCUSDT","t":4307339545,"p":"97482.75000000","q":"0.00652000","T":1734647864751,"m":true,"M":true}'
++Rcv raw: b'\x81~\x00\x86{"e":"trade","E":1734647864751,"s":"BTCUSDT","t":4307339546,"p":"97482.75000000","q":"0.01000000","T":1734647864751,"m":true,"M":true}'
++Rcv decoded: fin=1 opcode=1 data=b'{"e":"trade","E":1734647864751,"s":"BTCUSDT","t":4307339546,"p":"97482.75000000","q":"0.01000000","T":1734647864751,"m":true,"M":true}'
++Rcv raw: b'\x81~\x00\x86{"e":"trade","E":1734647864751,"s":"BTCUSDT","t":4307339547,"p":"97482.75000000","q":"0.00008000","T":1734647864751,"m":true,"M":true}'
++Rcv decoded: fin=1 opcode=1 data=b'{"e":"trade","E":1734647864751,"s":"BTCUSDT","t":4307339547,"p":"97482.75000000","q":"0.00008000","T":1734647864751,"m":true,"M":true}'
++Rcv raw: b'\x81~\x00\x86{"e":"trade","E":1734647864751,"s":"BTCUSDT","t":4307339548,"p":"97482.75000000","q":"0.00002000","T":1734647864751,"m":true,"M":true}'
++Rcv decoded: fin=1 opcode=1 data=b'{"e":"trade","E":1734647864751,"s":"BTCUSDT","t":4307339548,"p":"97482.75000000","q":"0.00002000","T":1734647864751,"m":true,"M":true}'
++Rcv raw: b'\x81~\x00\x86{"e":"trade","E":1734647864752,"s":"BTCUSDT","t":4307339549,"p":"97482.75000000","q":"0.00006000","T":1734647864751,"m":true,"M":true}'
++Rcv decoded: fin=1 opcode=1 data=b'{"e":"trade","E":1734647864752,"s":"BTCUSDT","t":4307339549,"p":"97482.75000000","q":"0.00006000","T":1734647864751,"m":true,"M":true}'
++Rcv raw: b'\x81~\x00\x86{"e":"trade","E":1734647864752,"s":"BTCUSDT","t":4307339550,"p":"97482.75000000","q":"0.00008000","T":1734647864751,"m":true,"M":true}'
++Rcv decoded: fin=1 opcode=1 data=b'{"e":"trade","E":1734647864752,"s":"BTCUSDT","t":4307339550,"p":"97482.75000000","q":"0.00008000","T":1734647864751,"m":true,"M":true}'
++Rcv raw: b'\x81~\x00\x86{"e":"trade","E":1734647864752,"s":"BTCUSDT","t":4307339551,"p":"97482.75000000","q":"0.00008000","T":1734647864751,"m":true,"M":true}'
++Rcv decoded: fin=1 opcode=1 data=b'{"e":"trade","E":1734647864752,"s":"BTCUSDT","t":4307339551,"p":"97482.75000000","q":"0.00008000","T":1734647864751,"m":true,"M":true}'
++Rcv raw: b'\x81~\x00\x86{"e":"trade","E":1734647864752,"s":"BTCUSDT","t":4307339552,"p":"97482.75000000","q":"0.00008000","T":1734647864751,"m":true,"M":true}'
++Rcv decoded: fin=1 opcode=1 data=b'{"e":"trade","E":1734647864752,"s":"BTCUSDT","t":4307339552,"p":"97482.75000000","q":"0.00008000","T":1734647864751,"m":true,"M":true}'
++Rcv raw: b'\x81~\x00\x86{"e":"trade","E":1734647864752,"s":"BTCUSDT","t":4307339553,"p":"97482.75000000","q":"0.00008000","T":1734647864751,"m":true,"M":true}'
++Rcv decoded: fin=1 opcode=1 data=b'{"e":"trade","E":1734647864752,"s":"BTCUSDT","t":4307339553,"p":"97482.75000000","q":"0.00008000","T":1734647864751,"m":true,"M":true}'
++Rcv raw: b'\x81~\x00\x86{"e":"trade","E":1734647864752,"s":"BTCUSDT","t":4307339554,"p":"97482.75000000","q":"0.00008000","T":1734647864751,"m":true,"M":true}'
++Rcv decoded: fin=1 opcode=1 data=b'{"e":"trade","E":1734647864752,"s":"BTCUSDT","t":4307339554,"p":"97482.75000000","q":"0.00008000","T":1734647864751,"m":true,"M":true}'
++Rcv raw: b'\x81~\x00\x86{"e":"trade","E":1734647864752,"s":"BTCUSDT","t":4307339555,"p":"97482.75000000","q":"0.00008000","T":1734647864751,"m":true,"M":true}'
++Rcv decoded: fin=1 opcode=1 data=b'{"e":"trade","E":1734647864752,"s":"BTCUSDT","t":4307339555,"p":"97482.75000000","q":"0.00008000","T":1734647864751,"m":true,"M":true}'
++Rcv raw: b'\x81~\x00\x86{"e":"trade","E":1734647864752,"s":"BTCUSDT","t":4307339556,"p":"97482.75000000","q":"0.00008000","T":1734647864751,"m":true,"M":true}'
++Rcv decoded: fin=1 opcode=1 data=b'{"e":"trade","E":1734647864752,"s":"BTCUSDT","t":4307339556,"p":"97482.75000000","q":"0.00008000","T":1734647864751,"m":true,"M":true}'
++Rcv raw: b'\x81~\x00\x86{"e":"trade","E":1734647864754,"s":"BTCUSDT","t":4307339557,"p":"97481.18000000","q":"0.00025000","T":1734647864754,"m":true,"M":true}'
++Rcv decoded: fin=1 opcode=1 data=b'{"e":"trade","E":1734647864754,"s":"BTCUSDT","t":4307339557,"p":"97481.18000000","q":"0.00025000","T":1734647864754,"m":true,"M":true}'
++Rcv raw: b'\x81~\x00\x86{"e":"trade","E":1734647864760,"s":"BTCUSDT","t":4307339558,"p":"97480.15000000","q":"0.00006000","T":1734647864759,"m":true,"M":true}'
++Rcv decoded: fin=1 opcode=1 data=b'{"e":"trade","E":1734647864760,"s":"BTCUSDT","t":4307339558,"p":"97480.15000000","q":"0.00006000","T":1734647864759,"m":true,"M":true}'
++Rcv raw: b'\x81~\x00\x86{"e":"trade","E":1734647864761,"s":"BTCUSDT","t":4307339559,"p":"97480.01000000","q":"0.00008000","T":1734647864760,"m":true,"M":true}'
++Rcv decoded: fin=1 opcode=1 data=b'{"e":"trade","E":1734647864761,"s":"BTCUSDT","t":4307339559,"p":"97480.01000000","q":"0.00008000","T":1734647864760,"m":true,"M":true}'
++Rcv raw: b'\x81~\x00\x86{"e":"trade","E":1734647864761,"s":"BTCUSDT","t":4307339560,"p":"97480.01000000","q":"0.00006000","T":1734647864760,"m":true,"M":true}'
++Rcv decoded: fin=1 opcode=1 data=b'{"e":"trade","E":1734647864761,"s":"BTCUSDT","t":4307339560,"p":"97480.01000000","q":"0.00006000","T":1734647864760,"m":true,"M":true}'
++Rcv raw: b'\x81~\x00\x86{"e":"trade","E":1734647864761,"s":"BTCUSDT","t":4307339561,"p":"97480.01000000","q":"0.00008000","T":1734647864760,"m":true,"M":true}'
++Rcv decoded: fin=1 opcode=1 data=b'{"e":"trade","E":1734647864761,"s":"BTCUSDT","t":4307339561,"p":"97480.01000000","q":"0.00008000","T":1734647864760,"m":true,"M":true}'
++Rcv raw: b'\x81~\x00\x86{"e":"trade","E":1734647864761,"s":"BTCUSDT","t":4307339562,"p":"97480.01000000","q":"0.00008000","T":1734647864760,"m":true,"M":true}'
++Rcv decoded: fin=1 opcode=1 data=b'{"e":"trade","E":1734647864761,"s":"BTCUSDT","t":4307339562,"p":"97480.01000000","q":"0.00008000","T":1734647864760,"m":true,"M":true}'
++Rcv raw: b'\x81~\x00\x86{"e":"trade","E":1734647864761,"s":"BTCUSDT","t":4307339563,"p":"97480.01000000","q":"0.00008000","T":1734647864760,"m":true,"M":true}'
++Rcv decoded: fin=1 opcode=1 data=b'{"e":"trade","E":1734647864761,"s":"BTCUSDT","t":4307339563,"p":"97480.01000000","q":"0.00008000","T":1734647864760,"m":true,"M":true}'
++Rcv raw: b'\x81~\x00\x86{"e":"trade","E":1734647864761,"s":"BTCUSDT","t":4307339564,"p":"97480.01000000","q":"0.00008000","T":1734647864760,"m":true,"M":true}'
++Rcv decoded: fin=1 opcode=1 data=b'{"e":"trade","E":1734647864761,"s":"BTCUSDT","t":4307339564,"p":"97480.01000000","q":"0.00008000","T":1734647864760,"m":true,"M":true}'
++Rcv raw: b'\x81~\x00\x86{"e":"trade","E":1734647864761,"s":"BTCUSDT","t":4307339565,"p":"97480.01000000","q":"0.00008000","T":1734647864760,"m":true,"M":true}'
++Rcv decoded: fin=1 opcode=1 data=b'{"e":"trade","E":1734647864761,"s":"BTCUSDT","t":4307339565,"p":"97480.01000000","q":"0.00008000","T":1734647864760,"m":true,"M":true}'
++Rcv raw: b'\x81~\x00\x86{"e":"trade","E":1734647864761,"s":"BTCUSDT","t":4307339566,"p":"97480.01000000","q":"0.00008000","T":1734647864760,"m":true,"M":true}'
++Rcv decoded: fin=1 opcode=1 data=b'{"e":"trade","E":1734647864761,"s":"BTCUSDT","t":4307339566,"p":"97480.01000000","q":"0.00008000","T":1734647864760,"m":true,"M":true}'
++Rcv raw: b'\x81~\x00\x86{"e":"trade","E":1734647864761,"s":"BTCUSDT","t":4307339567,"p":"97480.01000000","q":"0.00008000","T":1734647864760,"m":true,"M":true}'
++Rcv decoded: fin=1 opcode=1 data=b'{"e":"trade","E":1734647864761,"s":"BTCUSDT","t":4307339567,"p":"97480.01000000","q":"0.00008000","T":1734647864760,"m":true,"M":true}'
++Rcv raw: b'\x81~\x00\x86{"e":"trade","E":1734647864761,"s":"BTCUSDT","t":4307339568,"p":"97480.01000000","q":"0.00008000","T":1734647864760,"m":true,"M":true}'
++Rcv decoded: fin=1 opcode=1 data=b'{"e":"trade","E":1734647864761,"s":"BTCUSDT","t":4307339568,"p":"97480.01000000","q":"0.00008000","T":1734647864760,"m":true,"M":true}'
++Rcv raw: b'\x81~\x00\x86{"e":"trade","E":1734647864761,"s":"BTCUSDT","t":4307339569,"p":"97480.01000000","q":"0.00008000","T":1734647864760,"m":true,"M":true}'
++Rcv decoded: fin=1 opcode=1 data=b'{"e":"trade","E":1734647864761,"s":"BTCUSDT","t":4307339569,"p":"97480.01000000","q":"0.00008000","T":1734647864760,"m":true,"M":true}'
++Rcv raw: b'\x81~\x00\x86{"e":"trade","E":1734647864761,"s":"BTCUSDT","t":4307339570,"p":"97480.00000000","q":"0.00010000","T":1734647864760,"m":true,"M":true}'
++Rcv decoded: fin=1 opcode=1 data=b'{"e":"trade","E":1734647864761,"s":"BTCUSDT","t":4307339570,"p":"97480.00000000","q":"0.00010000","T":1734647864760,"m":true,"M":true}'
++Rcv raw: b'\x81~\x00\x86{"e":"trade","E":1734647864761,"s":"BTCUSDT","t":4307339571,"p":"97480.00000000","q":"0.02814000","T":1734647864760,"m":true,"M":true}'
++Rcv decoded: fin=1 opcode=1 data=b'{"e":"trade","E":1734647864761,"s":"BTCUSDT","t":4307339571,"p":"97480.00000000","q":"0.02814000","T":1734647864760,"m":true,"M":true}'
++Rcv raw: b'\x81~\x00\x87{"e":"trade","E":1734647864763,"s":"BTCUSDT","t":4307339572,"p":"97480.01000000","q":"0.00005000","T":1734647864762,"m":false,"M":true}'
++Rcv decoded: fin=1 opcode=1 data=b'{"e":"trade","E":1734647864763,"s":"BTCUSDT","t":4307339572,"p":"97480.01000000","q":"0.00005000","T":1734647864762,"m":false,"M":true}'
++Rcv raw: b'\x81~\x00\x86{"e":"trade","E":1734647864777,"s":"BTCUSDT","t":4307339573,"p":"97480.00000000","q":"0.00010000","T":1734647864776,"m":true,"M":true}'
++Rcv decoded: fin=1 opcode=1 data=b'{"e":"trade","E":1734647864777,"s":"BTCUSDT","t":4307339573,"p":"97480.00000000","q":"0.00010000","T":1734647864776,"m":true,"M":true}'
++Rcv raw: b'\x81~\x00\x86{"e":"trade","E":1734647864986,"s":"BTCUSDT","t":4307339574,"p":"97480.00000000","q":"0.00100000","T":1734647864985,"m":true,"M":true}'
++Rcv decoded: fin=1 opcode=1 data=b'{"e":"trade","E":1734647864986,"s":"BTCUSDT","t":4307339574,"p":"97480.00000000","q":"0.00100000","T":1734647864985,"m":true,"M":true}'
++Rcv raw: b'\x81~\x00\x87{"e":"trade","E":1734647865086,"s":"BTCUSDT","t":4307339575,"p":"97480.01000000","q":"0.00005000","T":1734647865085,"m":false,"M":true}'
++Rcv decoded: fin=1 opcode=1 data=b'{"e":"trade","E":1734647865086,"s":"BTCUSDT","t":4307339575,"p":"97480.01000000","q":"0.00005000","T":1734647865085,"m":false,"M":true}'
++Rcv raw: b'\x81~\x00\x86{"e":"trade","E":1734647865109,"s":"BTCUSDT","t":4307339576,"p":"97480.00000000","q":"0.00006000","T":1734647865108,"m":true,"M":true}'
++Rcv decoded: fin=1 opcode=1 data=b'{"e":"trade","E":1734647865109,"s":"BTCUSDT","t":4307339576,"p":"97480.00000000","q":"0.00006000","T":1734647865108,"m":true,"M":true}'
++Rcv raw: b'\x81~\x00\x87{"e":"trade","E":1734647865158,"s":"BTCUSDT","t":4307339577,"p":"97480.01000000","q":"0.00600000","T":1734647865157,"m":false,"M":true}'
++Rcv decoded: fin=1 opcode=1 data=b'{"e":"trade","E":1734647865158,"s":"BTCUSDT","t":4307339577,"p":"97480.01000000","q":"0.00600000","T":1734647865157,"m":false,"M":true}'
++Rcv raw: b'\x81~\x00\x87{"e":"trade","E":1734647865252,"s":"BTCUSDT","t":4307339578,"p":"97480.01000000","q":"0.01000000","T":1734647865252,"m":false,"M":true}'
++Rcv decoded: fin=1 opcode=1 data=b'{"e":"trade","E":1734647865252,"s":"BTCUSDT","t":4307339578,"p":"97480.01000000","q":"0.01000000","T":1734647865252,"m":false,"M":true}'
++Rcv raw: b'\x81~\x00\x87{"e":"trade","E":1734647865304,"s":"BTCUSDT","t":4307339579,"p":"97480.01000000","q":"0.00123000","T":1734647865304,"m":false,"M":true}'
++Rcv decoded: fin=1 opcode=1 data=b'{"e":"trade","E":1734647865304,"s":"BTCUSDT","t":4307339579,"p":"97480.01000000","q":"0.00123000","T":1734647865304,"m":false,"M":true}'
++Rcv raw: b'\x81~\x00\x87{"e":"trade","E":1734647865347,"s":"BTCUSDT","t":4307339580,"p":"97480.01000000","q":"0.01000000","T":1734647865347,"m":false,"M":true}'
++Rcv decoded: fin=1 opcode=1 data=b'{"e":"trade","E":1734647865347,"s":"BTCUSDT","t":4307339580,"p":"97480.01000000","q":"0.01000000","T":1734647865347,"m":false,"M":true}'
++Rcv raw: b'\x81~\x00\x86{"e":"trade","E":1734647865449,"s":"BTCUSDT","t":4307339581,"p":"97480.00000000","q":"0.03942000","T":1734647865448,"m":true,"M":true}'
++Rcv decoded: fin=1 opcode=1 data=b'{"e":"trade","E":1734647865449,"s":"BTCUSDT","t":4307339581,"p":"97480.00000000","q":"0.03942000","T":1734647865448,"m":true,"M":true}'
++Rcv raw: b'\x81~\x00\x86{"e":"trade","E":1734647865496,"s":"BTCUSDT","t":4307339582,"p":"97480.00000000","q":"0.03248000","T":1734647865495,"m":true,"M":true}'
++Rcv decoded: fin=1 opcode=1 data=b'{"e":"trade","E":1734647865496,"s":"BTCUSDT","t":4307339582,"p":"97480.00000000","q":"0.03248000","T":1734647865495,"m":true,"M":true}'
++Rcv raw: b'\x81~\x00\x86{"e":"trade","E":1734647865496,"s":"BTCUSDT","t":4307339583,"p":"97480.00000000","q":"0.00013000","T":1734647865495,"m":true,"M":true}'
++Rcv decoded: fin=1 opcode=1 data=b'{"e":"trade","E":1734647865496,"s":"BTCUSDT","t":4307339583,"p":"97480.00000000","q":"0.00013000","T":1734647865495,"m":true,"M":true}'
++Rcv raw: b'\x81~\x00\x86{"e":"trade","E":1734647865496,"s":"BTCUSDT","t":4307339584,"p":"97480.00000000","q":"0.00099000","T":1734647865495,"m":true,"M":true}'
++Rcv decoded: fin=1 opcode=1 data=b'{"e":"trade","E":1734647865496,"s":"BTCUSDT","t":4307339584,"p":"97480.00000000","q":"0.00099000","T":1734647865495,"m":true,"M":true}'
++Rcv raw: b'\x81~\x00\x86{"e":"trade","E":1734647865496,"s":"BTCUSDT","t":4307339585,"p":"97479.77000000","q":"0.00006000","T":1734647865495,"m":true,"M":true}'
++Rcv decoded: fin=1 opcode=1 data=b'{"e":"trade","E":1734647865496,"s":"BTCUSDT","t":4307339585,"p":"97479.77000000","q":"0.00006000","T":1734647865495,"m":true,"M":true}'
++Rcv raw: b'\x81~\x00\x86{"e":"trade","E":1734647865496,"s":"BTCUSDT","t":4307339586,"p":"97479.69000000","q":"0.00011000","T":1734647865495,"m":true,"M":true}'
++Rcv decoded: fin=1 opcode=1 data=b'{"e":"trade","E":1734647865496,"s":"BTCUSDT","t":4307339586,"p":"97479.69000000","q":"0.00011000","T":1734647865495,"m":true,"M":true}'
++Rcv raw: b'\x81~\x00\x86{"e":"trade","E":1734647865496,"s":"BTCUSDT","t":4307339587,"p":"97477.71000000","q":"0.00017000","T":1734647865495,"m":true,"M":true}'
++Rcv decoded: fin=1 opcode=1 data=b'{"e":"trade","E":1734647865496,"s":"BTCUSDT","t":4307339587,"p":"97477.71000000","q":"0.00017000","T":1734647865495,"m":true,"M":true}'
++Rcv raw: b'\x81~\x00\x86{"e":"trade","E":1734647865496,"s":"BTCUSDT","t":4307339588,"p":"97477.70000000","q":"0.00006000","T":1734647865495,"m":true,"M":true}'
++Rcv decoded: fin=1 opcode=1 data=b'{"e":"trade","E":1734647865496,"s":"BTCUSDT","t":4307339588,"p":"97477.70000000","q":"0.00006000","T":1734647865495,"m":true,"M":true}'
++Rcv raw: b'\x81~\x00\x86{"e":"trade","E":1734647865496,"s":"BTCUSDT","t":4307339589,"p":"97477.69000000","q":"0.00300000","T":1734647865495,"m":true,"M":true}'
++Rcv decoded: fin=1 opcode=1 data=b'{"e":"trade","E":1734647865496,"s":"BTCUSDT","t":4307339589,"p":"97477.69000000","q":"0.00300000","T":1734647865495,"m":true,"M":true}'
++Rcv raw: b'\x81~\x00\x86{"e":"trade","E":1734647865496,"s":"BTCUSDT","t":4307339590,"p":"97476.00000000","q":"0.00010000","T":1734647865495,"m":true,"M":true}'
++Rcv decoded: fin=1 opcode=1 data=b'{"e":"trade","E":1734647865496,"s":"BTCUSDT","t":4307339590,"p":"97476.00000000","q":"0.00010000","T":1734647865495,"m":true,"M":true}'
++Rcv raw: b'\x81~\x00\x86{"e":"trade","E":1734647865496,"s":"BTCUSDT","t":4307339591,"p":"97475.85000000","q":"0.00006000","T":1734647865495,"m":true,"M":true}'
++Rcv decoded: fin=1 opcode=1 data=b'{"e":"trade","E":1734647865496,"s":"BTCUSDT","t":4307339591,"p":"97475.85000000","q":"0.00006000","T":1734647865495,"m":true,"M":true}'
++Rcv raw: b'\x81~\x00\x86{"e":"trade","E":1734647865496,"s":"BTCUSDT","t":4307339592,"p":"97475.10000000","q":"0.00006000","T":1734647865495,"m":true,"M":true}'
++Rcv decoded: fin=1 opcode=1 data=b'{"e":"trade","E":1734647865496,"s":"BTCUSDT","t":4307339592,"p":"97475.10000000","q":"0.00006000","T":1734647865495,"m":true,"M":true}'
++Rcv raw: b'\x81~\x00\x86{"e":"trade","E":1734647865496,"s":"BTCUSDT","t":4307339593,"p":"97474.94000000","q":"0.00057000","T":1734647865495,"m":true,"M":true}'
++Rcv decoded: fin=1 opcode=1 data=b'{"e":"trade","E":1734647865496,"s":"BTCUSDT","t":4307339593,"p":"97474.94000000","q":"0.00057000","T":1734647865495,"m":true,"M":true}'
++Rcv raw: b'\x81~\x00\x86{"e":"trade","E":1734647865496,"s":"BTCUSDT","t":4307339594,"p":"97474.93000000","q":"0.00006000","T":1734647865495,"m":true,"M":true}'
++Rcv decoded: fin=1 opcode=1 data=b'{"e":"trade","E":1734647865496,"s":"BTCUSDT","t":4307339594,"p":"97474.93000000","q":"0.00006000","T":1734647865495,"m":true,"M":true}'
++Rcv raw: b'\x81~\x00\x86{"e":"trade","E":1734647865496,"s":"BTCUSDT","t":4307339595,"p":"97474.93000000","q":"0.00008000","T":1734647865495,"m":true,"M":true}'
++Rcv decoded: fin=1 opcode=1 data=b'{"e":"trade","E":1734647865496,"s":"BTCUSDT","t":4307339595,"p":"97474.93000000","q":"0.00008000","T":1734647865495,"m":true,"M":true}'
++Rcv raw: b'\x81~\x00\x86{"e":"trade","E":1734647865496,"s":"BTCUSDT","t":4307339596,"p":"97474.93000000","q":"0.00037000","T":1734647865495,"m":true,"M":true}'
++Rcv decoded: fin=1 opcode=1 data=b'{"e":"trade","E":1734647865496,"s":"BTCUSDT","t":4307339596,"p":"97474.93000000","q":"0.00037000","T":1734647865495,"m":true,"M":true}'
++Rcv raw: b'\x81~\x00\x86{"e":"trade","E":1734647865496,"s":"BTCUSDT","t":4307339597,"p":"97474.93000000","q":"0.00008000","T":1734647865495,"m":true,"M":true}'
++Rcv decoded: fin=1 opcode=1 data=b'{"e":"trade","E":1734647865496,"s":"BTCUSDT","t":4307339597,"p":"97474.93000000","q":"0.00008000","T":1734647865495,"m":true,"M":true}'
++Rcv raw: b'\x81~\x00\x86{"e":"trade","E":1734647865496,"s":"BTCUSDT","t":4307339598,"p":"97474.93000000","q":"0.00008000","T":1734647865495,"m":true,"M":true}'
++Rcv decoded: fin=1 opcode=1 data=b'{"e":"trade","E":1734647865496,"s":"BTCUSDT","t":4307339598,"p":"97474.93000000","q":"0.00008000","T":1734647865495,"m":true,"M":true}'
++Rcv raw: b'\x81~\x00\x86{"e":"trade","E":1734647865496,"s":"BTCUSDT","t":4307339599,"p":"97474.93000000","q":"0.00008000","T":1734647865495,"m":true,"M":true}'
++Rcv decoded: fin=1 opcode=1 data=b'{"e":"trade","E":1734647865496,"s":"BTCUSDT","t":4307339599,"p":"97474.93000000","q":"0.00008000","T":1734647865495,"m":true,"M":true}'
++Rcv raw: b'\x81~\x00\x86{"e":"trade","E":1734647865496,"s":"BTCUSDT","t":4307339600,"p":"97474.93000000","q":"0.00008000","T":1734647865495,"m":true,"M":true}'
++Rcv decoded: fin=1 opcode=1 data=b'{"e":"trade","E":1734647865496,"s":"BTCUSDT","t":4307339600,"p":"97474.93000000","q":"0.00008000","T":1734647865495,"m":true,"M":true}'
++Rcv raw: b'\x81~\x00\x86{"e":"trade","E":1734647865496,"s":"BTCUSDT","t":4307339601,"p":"97474.93000000","q":"0.00008000","T":1734647865495,"m":true,"M":true}'
++Rcv decoded: fin=1 opcode=1 data=b'{"e":"trade","E":1734647865496,"s":"BTCUSDT","t":4307339601,"p":"97474.93000000","q":"0.00008000","T":1734647865495,"m":true,"M":true}'
++Rcv raw: b'\x81~\x00\x86{"e":"trade","E":1734647865496,"s":"BTCUSDT","t":4307339602,"p":"97474.93000000","q":"0.00008000","T":1734647865495,"m":true,"M":true}'
++Rcv decoded: fin=1 opcode=1 data=b'{"e":"trade","E":1734647865496,"s":"BTCUSDT","t":4307339602,"p":"97474.93000000","q":"0.00008000","T":1734647865495,"m":true,"M":true}'
++Rcv raw: b'\x81~\x00\x86{"e":"trade","E":1734647865496,"s":"BTCUSDT","t":4307339603,"p":"97474.93000000","q":"0.00008000","T":1734647865495,"m":true,"M":true}'
++Rcv decoded: fin=1 opcode=1 data=b'{"e":"trade","E":1734647865496,"s":"BTCUSDT","t":4307339603,"p":"97474.93000000","q":"0.00008000","T":1734647865495,"m":true,"M":true}'
++Rcv raw: b'\x81~\x00\x86{"e":"trade","E":1734647865496,"s":"BTCUSDT","t":4307339604,"p":"97474.93000000","q":"0.00008000","T":1734647865495,"m":true,"M":true}'
++Rcv decoded: fin=1 opcode=1 data=b'{"e":"trade","E":1734647865496,"s":"BTCUSDT","t":4307339604,"p":"97474.93000000","q":"0.00008000","T":1734647865495,"m":true,"M":true}'
++Rcv raw: b'\x81~\x00\x86{"e":"trade","E":1734647865496,"s":"BTCUSDT","t":4307339605,"p":"97474.93000000","q":"0.00008000","T":1734647865495,"m":true,"M":true}'
++Rcv decoded: fin=1 opcode=1 data=b'{"e":"trade","E":1734647865496,"s":"BTCUSDT","t":4307339605,"p":"97474.93000000","q":"0.00008000","T":1734647865495,"m":true,"M":true}'
++Rcv raw: b'\x81~\x00\x86{"e":"trade","E":1734647865534,"s":"BTCUSDT","t":4307339606,"p":"97474.92000000","q":"0.20537000","T":1734647865533,"m":true,"M":true}'
++Rcv decoded: fin=1 opcode=1 data=b'{"e":"trade","E":1734647865534,"s":"BTCUSDT","t":4307339606,"p":"97474.92000000","q":"0.20537000","T":1734647865533,"m":true,"M":true}'
++Rcv raw: b'\x81~\x00\x86{"e":"trade","E":1734647865534,"s":"BTCUSDT","t":4307339607,"p":"97474.92000000","q":"0.02835000","T":1734647865533,"m":true,"M":true}'
++Rcv decoded: fin=1 opcode=1 data=b'{"e":"trade","E":1734647865534,"s":"BTCUSDT","t":4307339607,"p":"97474.92000000","q":"0.02835000","T":1734647865533,"m":true,"M":true}'
++Rcv raw: b'\x81~\x00\x86{"e":"trade","E":1734647865534,"s":"BTCUSDT","t":4307339608,"p":"97474.17000000","q":"0.00006000","T":1734647865533,"m":true,"M":true}'
++Rcv decoded: fin=1 opcode=1 data=b'{"e":"trade","E":1734647865534,"s":"BTCUSDT","t":4307339608,"p":"97474.17000000","q":"0.00006000","T":1734647865533,"m":true,"M":true}'
++Rcv raw: b'\x81~\x00\x86{"e":"trade","E":1734647865534,"s":"BTCUSDT","t":4307339609,"p":"97474.16000000","q":"0.00714000","T":1734647865533,"m":true,"M":true}'
++Rcv decoded: fin=1 opcode=1 data=b'{"e":"trade","E":1734647865534,"s":"BTCUSDT","t":4307339609,"p":"97474.16000000","q":"0.00714000","T":1734647865533,"m":true,"M":true}'
++Rcv raw: b'\x81~\x00\x86{"e":"trade","E":1734647865534,"s":"BTCUSDT","t":4307339610,"p":"97473.32000000","q":"0.00006000","T":1734647865533,"m":true,"M":true}'
++Rcv decoded: fin=1 opcode=1 data=b'{"e":"trade","E":1734647865534,"s":"BTCUSDT","t":4307339610,"p":"97473.32000000","q":"0.00006000","T":1734647865533,"m":true,"M":true}'
++Rcv raw: b'\x81~\x00\x86{"e":"trade","E":1734647865534,"s":"BTCUSDT","t":4307339611,"p":"97473.31000000","q":"0.00256000","T":1734647865533,"m":true,"M":true}'
++Rcv decoded: fin=1 opcode=1 data=b'{"e":"trade","E":1734647865534,"s":"BTCUSDT","t":4307339611,"p":"97473.31000000","q":"0.00256000","T":1734647865533,"m":true,"M":true}'
++Rcv raw: b'\x81~\x00\x86{"e":"trade","E":1734647865534,"s":"BTCUSDT","t":4307339612,"p":"97472.46000000","q":"0.00008000","T":1734647865533,"m":true,"M":true}'
++Rcv decoded: fin=1 opcode=1 data=b'{"e":"trade","E":1734647865534,"s":"BTCUSDT","t":4307339612,"p":"97472.46000000","q":"0.00008000","T":1734647865533,"m":true,"M":true}'
++Rcv raw: b'\x81~\x00\x86{"e":"trade","E":1734647865534,"s":"BTCUSDT","t":4307339613,"p":"97472.46000000","q":"0.00006000","T":1734647865533,"m":true,"M":true}'
++Rcv decoded: fin=1 opcode=1 data=b'{"e":"trade","E":1734647865534,"s":"BTCUSDT","t":4307339613,"p":"97472.46000000","q":"0.00006000","T":1734647865533,"m":true,"M":true}'
++Rcv raw: b'\x81~\x00\x86{"e":"trade","E":1734647865534,"s":"BTCUSDT","t":4307339614,"p":"97472.46000000","q":"0.00026000","T":1734647865533,"m":true,"M":true}'
++Rcv decoded: fin=1 opcode=1 data=b'{"e":"trade","E":1734647865534,"s":"BTCUSDT","t":4307339614,"p":"97472.46000000","q":"0.00026000","T":1734647865533,"m":true,"M":true}'
++Rcv raw: b'\x81~\x00\x86{"e":"trade","E":1734647865534,"s":"BTCUSDT","t":4307339615,"p":"97472.46000000","q":"0.00008000","T":1734647865533,"m":true,"M":true}'
++Rcv decoded: fin=1 opcode=1 data=b'{"e":"trade","E":1734647865534,"s":"BTCUSDT","t":4307339615,"p":"97472.46000000","q":"0.00008000","T":1734647865533,"m":true,"M":true}'
++Rcv raw: b'\x81~\x00\x86{"e":"trade","E":1734647865534,"s":"BTCUSDT","t":4307339616,"p":"97472.46000000","q":"0.00008000","T":1734647865533,"m":true,"M":true}'
++Rcv decoded: fin=1 opcode=1 data=b'{"e":"trade","E":1734647865534,"s":"BTCUSDT","t":4307339616,"p":"97472.46000000","q":"0.00008000","T":1734647865533,"m":true,"M":true}'
++Rcv raw: b'\x81~\x00\x86{"e":"trade","E":1734647865534,"s":"BTCUSDT","t":4307339617,"p":"97472.46000000","q":"0.00008000","T":1734647865533,"m":true,"M":true}'
++Rcv decoded: fin=1 opcode=1 data=b'{"e":"trade","E":1734647865534,"s":"BTCUSDT","t":4307339617,"p":"97472.46000000","q":"0.00008000","T":1734647865533,"m":true,"M":true}'
++Rcv raw: b'\x81~\x00\x86{"e":"trade","E":1734647865534,"s":"BTCUSDT","t":4307339618,"p":"97472.46000000","q":"0.00008000","T":1734647865533,"m":true,"M":true}'
++Rcv decoded: fin=1 opcode=1 data=b'{"e":"trade","E":1734647865534,"s":"BTCUSDT","t":4307339618,"p":"97472.46000000","q":"0.00008000","T":1734647865533,"m":true,"M":true}'
++Rcv raw: b'\x81~\x00\x86{"e":"trade","E":1734647865534,"s":"BTCUSDT","t":4307339619,"p":"97472.46000000","q":"0.00008000","T":1734647865533,"m":true,"M":true}'
++Rcv decoded: fin=1 opcode=1 data=b'{"e":"trade","E":1734647865534,"s":"BTCUSDT","t":4307339619,"p":"97472.46000000","q":"0.00008000","T":1734647865533,"m":true,"M":true}'
++Rcv raw: b'\x81~\x00\x86{"e":"trade","E":1734647865534,"s":"BTCUSDT","t":4307339620,"p":"97472.46000000","q":"0.00008000","T":1734647865533,"m":true,"M":true}'
++Rcv decoded: fin=1 opcode=1 data=b'{"e":"trade","E":1734647865534,"s":"BTCUSDT","t":4307339620,"p":"97472.46000000","q":"0.00008000","T":1734647865533,"m":true,"M":true}'
++Rcv raw: b'\x81~\x00\x86{"e":"trade","E":1734647865534,"s":"BTCUSDT","t":4307339621,"p":"97472.46000000","q":"0.00008000","T":1734647865533,"m":true,"M":true}'
