--- request header ---
GET /ws/btcusdt@trade HTTP/1.1
Upgrade: websocket
Host: stream.binance.com:9443
Origin: https://stream.binance.com:9443
Sec-WebSocket-Key: HnbP2uFZwiXRuB/7BD8Edw==
Sec-WebSocket-Version: 13
Connection: Upgrade


-----------------------
--- response header ---
HTTP/1.1 101 Switching Protocols
Date: Thu, 19 Dec 2024 22:27:57 GMT
Connection: upgrade
Upgrade: websocket
Sec-WebSocket-Accept: Qn0811kJAtk05ZBF1cFo87SxCX0=
-----------------------
Websocket connected
WebSocket connection opened
++Rcv raw: b'\x81~\x00\x87{"e":"trade","E":1734647277497,"s":"BTCUSDT","t":4307313693,"p":"97804.89000000","q":"0.00051000","T":1734647277496,"m":false,"M":true}'
++Rcv decoded: fin=1 opcode=1 data=b'{"e":"trade","E":1734647277497,"s":"BTCUSDT","t":4307313693,"p":"97804.89000000","q":"0.00051000","T":1734647277496,"m":false,"M":true}'
++Rcv raw: b'\x81~\x00\x87{"e":"trade","E":1734647277690,"s":"BTCUSDT","t":4307313694,"p":"97804.89000000","q":"0.00102000","T":1734647277689,"m":false,"M":true}'
++Rcv decoded: fin=1 opcode=1 data=b'{"e":"trade","E":1734647277690,"s":"BTCUSDT","t":4307313694,"p":"97804.89000000","q":"0.00102000","T":1734647277689,"m":false,"M":true}'
++Rcv raw: b'\x81~\x00\x86{"e":"trade","E":1734647277717,"s":"BTCUSDT","t":4307313695,"p":"97804.88000000","q":"0.00203000","T":1734647277716,"m":true,"M":true}'
++Rcv decoded: fin=1 opcode=1 data=b'{"e":"trade","E":1734647277717,"s":"BTCUSDT","t":4307313695,"p":"97804.88000000","q":"0.00203000","T":1734647277716,"m":true,"M":true}'
++Rcv raw: b'\x81~\x00\x86{"e":"trade","E":1734647278540,"s":"BTCUSDT","t":4307313696,"p":"97804.88000000","q":"0.00269000","T":1734647278539,"m":true,"M":true}'
++Rcv decoded: fin=1 opcode=1 data=b'{"e":"trade","E":1734647278540,"s":"BTCUSDT","t":4307313696,"p":"97804.88000000","q":"0.00269000","T":1734647278539,"m":true,"M":true}'
++Rcv raw: b'\x81~\x00\x86{"e":"trade","E":1734647279458,"s":"BTCUSDT","t":4307313697,"p":"97804.88000000","q":"0.00262000","T":1734647279458,"m":true,"M":true}'
++Rcv decoded: fin=1 opcode=1 data=b'{"e":"trade","E":1734647279458,"s":"BTCUSDT","t":4307313697,"p":"97804.88000000","q":"0.00262000","T":1734647279458,"m":true,"M":true}'
++Rcv raw: b'\x81~\x00\x87{"e":"trade","E":1734647279703,"s":"BTCUSDT","t":4307313698,"p":"97804.89000000","q":"0.00223000","T":1734647279703,"m":false,"M":true}'
++Rcv decoded: fin=1 opcode=1 data=b'{"e":"trade","E":1734647279703,"s":"BTCUSDT","t":4307313698,"p":"97804.89000000","q":"0.00223000","T":1734647279703,"m":false,"M":true}'
++Rcv raw: b'\x81~\x00\x87{"e":"trade","E":1734647279988,"s":"BTCUSDT","t":4307313699,"p":"97804.89000000","q":"0.01000000","T":1734647279987,"m":false,"M":true}'
++Rcv decoded: fin=1 opcode=1 data=b'{"e":"trade","E":1734647279988,"s":"BTCUSDT","t":4307313699,"p":"97804.89000000","q":"0.01000000","T":1734647279987,"m":false,"M":true}'
++Rcv raw: b'\x81~\x00\x87{"e":"trade","E":1734647279988,"s":"BTCUSDT","t":4307313700,"p":"97804.89000000","q":"0.00600000","T":1734647279988,"m":false,"M":true}'
++Rcv decoded: fin=1 opcode=1 data=b'{"e":"trade","E":1734647279988,"s":"BTCUSDT","t":4307313700,"p":"97804.89000000","q":"0.00600000","T":1734647279988,"m":false,"M":true}'
++Rcv raw: b'\x81~\x00\x87{"e":"trade","E":1734647280159,"s":"BTCUSDT","t":4307313701,"p":"97804.89000000","q":"0.01000000","T":1734647280159,"m":false,"M":true}'
++Rcv decoded: fin=1 opcode=1 data=b'{"e":"trade","E":1734647280159,"s":"BTCUSDT","t":4307313701,"p":"97804.89000000","q":"0.01000000","T":1734647280159,"m":false,"M":true}'
++Rcv raw: b'\x81~\x00\x87{"e":"trade","E":1734647280223,"s":"BTCUSDT","t":4307313702,"p":"97804.89000000","q":"0.00158000","T":1734647280222,"m":false,"M":true}'
++Rcv decoded: fin=1 opcode=1 data=b'{"e":"trade","E":1734647280223,"s":"BTCUSDT","t":4307313702,"p":"97804.89000000","q":"0.00158000","T":1734647280222,"m":false,"M":true}'
++Rcv raw: b'\x81~\x00\x87{"e":"trade","E":1734647280766,"s":"BTCUSDT","t":4307313703,"p":"97804.89000000","q":"0.00203000","T":1734647280765,"m":false,"M":true}'
++Rcv decoded: fin=1 opcode=1 data=b'{"e":"trade","E":1734647280766,"s":"BTCUSDT","t":4307313703,"p":"97804.89000000","q":"0.00203000","T":1734647280765,"m":false,"M":true}'
++Rcv raw: b'\x81~\x00\x86{"e":"trade","E":1734647280788,"s":"BTCUSDT","t":4307313704,"p":"97804.88000000","q":"0.00251000","T":1734647280787,"m":true,"M":true}'
++Rcv decoded: fin=1 opcode=1 data=b'{"e":"trade","E":1734647280788,"s":"BTCUSDT","t":4307313704,"p":"97804.88000000","q":"0.00251000","T":1734647280787,"m":true,"M":true}'
++Rcv raw: b'\x81~\x00\x86{"e":"trade","E":1734647281101,"s":"BTCUSDT","t":4307313705,"p":"97804.88000000","q":"0.01903000","T":1734647281101,"m":true,"M":true}'
++Rcv decoded: fin=1 opcode=1 data=b'{"e":"trade","E":1734647281101,"s":"BTCUSDT","t":4307313705,"p":"97804.88000000","q":"0.01903000","T":1734647281101,"m":true,"M":true}'
++Rcv raw: b'\x81~\x00\x87{"e":"trade","E":1734647281120,"s":"BTCUSDT","t":4307313706,"p":"97804.89000000","q":"0.00023000","T":1734647281119,"m":false,"M":true}'
++Rcv decoded: fin=1 opcode=1 data=b'{"e":"trade","E":1734647281120,"s":"BTCUSDT","t":4307313706,"p":"97804.89000000","q":"0.00023000","T":1734647281119,"m":false,"M":true}'
++Rcv raw: b'\x81~\x00\x87{"e":"trade","E":1734647281139,"s":"BTCUSDT","t":4307313707,"p":"97804.89000000","q":"0.00015000","T":1734647281138,"m":false,"M":true}'
++Rcv decoded: fin=1 opcode=1 data=b'{"e":"trade","E":1734647281139,"s":"BTCUSDT","t":4307313707,"p":"97804.89000000","q":"0.00015000","T":1734647281138,"m":false,"M":true}'
++Rcv raw: b'\x81~\x00\x86{"e":"trade","E":1734647281145,"s":"BTCUSDT","t":4307313708,"p":"97804.88000000","q":"0.00031000","T":1734647281145,"m":true,"M":true}'
++Rcv decoded: fin=1 opcode=1 data=b'{"e":"trade","E":1734647281145,"s":"BTCUSDT","t":4307313708,"p":"97804.88000000","q":"0.00031000","T":1734647281145,"m":true,"M":true}'
++Rcv raw: b'\x81~\x00\x86{"e":"trade","E":1734647281723,"s":"BTCUSDT","t":4307313709,"p":"97804.88000000","q":"0.00461000","T":1734647281722,"m":true,"M":true}'
++Rcv decoded: fin=1 opcode=1 data=b'{"e":"trade","E":1734647281723,"s":"BTCUSDT","t":4307313709,"p":"97804.88000000","q":"0.00461000","T":1734647281722,"m":true,"M":true}'
++Rcv raw: b'\x81~\x00\x86{"e":"trade","E":1734647281919,"s":"BTCUSDT","t":4307313710,"p":"97804.88000000","q":"0.00050000","T":1734647281918,"m":true,"M":true}'
++Rcv decoded: fin=1 opcode=1 data=b'{"e":"trade","E":1734647281919,"s":"BTCUSDT","t":4307313710,"p":"97804.88000000","q":"0.00050000","T":1734647281918,"m":true,"M":true}'
++Rcv raw: b'\x81~\x00\x87{"e":"trade","E":1734647282037,"s":"BTCUSDT","t":4307313711,"p":"97804.89000000","q":"0.00030000","T":1734647282036,"m":false,"M":true}'
++Rcv decoded: fin=1 opcode=1 data=b'{"e":"trade","E":1734647282037,"s":"BTCUSDT","t":4307313711,"p":"97804.89000000","q":"0.00030000","T":1734647282036,"m":false,"M":true}'
++Rcv raw: b'\x81~\x00\x86{"e":"trade","E":1734647282149,"s":"BTCUSDT","t":4307313712,"p":"97804.88000000","q":"0.00026000","T":1734647282148,"m":true,"M":true}'
++Rcv decoded: fin=1 opcode=1 data=b'{"e":"trade","E":1734647282149,"s":"BTCUSDT","t":4307313712,"p":"97804.88000000","q":"0.00026000","T":1734647282148,"m":true,"M":true}'
++Rcv raw: b'\x81~\x00\x86{"e":"trade","E":1734647282167,"s":"BTCUSDT","t":4307313713,"p":"97804.88000000","q":"0.00008000","T":1734647282166,"m":true,"M":true}'
++Rcv decoded: fin=1 opcode=1 data=b'{"e":"trade","E":1734647282167,"s":"BTCUSDT","t":4307313713,"p":"97804.88000000","q":"0.00008000","T":1734647282166,"m":true,"M":true}'
++Rcv raw: b'\x81~\x00\x86{"e":"trade","E":1734647282692,"s":"BTCUSDT","t":4307313714,"p":"97804.88000000","q":"0.00477000","T":1734647282691,"m":true,"M":true}'
++Rcv decoded: fin=1 opcode=1 data=b'{"e":"trade","E":1734647282692,"s":"BTCUSDT","t":4307313714,"p":"97804.88000000","q":"0.00477000","T":1734647282691,"m":true,"M":true}'
++Rcv raw: b'\x81~\x00\x86{"e":"trade","E":1734647282814,"s":"BTCUSDT","t":4307313715,"p":"97804.88000000","q":"0.00023000","T":1734647282814,"m":true,"M":true}'
++Rcv decoded: fin=1 opcode=1 data=b'{"e":"trade","E":1734647282814,"s":"BTCUSDT","t":4307313715,"p":"97804.88000000","q":"0.00023000","T":1734647282814,"m":true,"M":true}'
++Rcv raw: b'\x81~\x00\x87{"e":"trade","E":1734647282885,"s":"BTCUSDT","t":4307313716,"p":"97804.89000000","q":"0.00862000","T":1734647282884,"m":false,"M":true}'
++Rcv decoded: fin=1 opcode=1 data=b'{"e":"trade","E":1734647282885,"s":"BTCUSDT","t":4307313716,"p":"97804.89000000","q":"0.00862000","T":1734647282884,"m":false,"M":true}'
++Rcv raw: b'\x81~\x00\x87{"e":"trade","E":1734647283098,"s":"BTCUSDT","t":4307313717,"p":"97804.89000000","q":"0.00082000","T":1734647283098,"m":false,"M":true}'
++Rcv decoded: fin=1 opcode=1 data=b'{"e":"trade","E":1734647283098,"s":"BTCUSDT","t":4307313717,"p":"97804.89000000","q":"0.00082000","T":1734647283098,"m":false,"M":true}'
++Rcv raw: b'\x81~\x00\x87{"e":"trade","E":1734647283155,"s":"BTCUSDT","t":4307313718,"p":"97804.89000000","q":"0.00026000","T":1734647283154,"m":false,"M":true}'
++Rcv decoded: fin=1 opcode=1 data=b'{"e":"trade","E":1734647283155,"s":"BTCUSDT","t":4307313718,"p":"97804.89000000","q":"0.00026000","T":1734647283154,"m":false,"M":true}'
++Rcv raw: b'\x81~\x00\x87{"e":"trade","E":1734647283155,"s":"BTCUSDT","t":4307313719,"p":"97804.89000000","q":"0.00020000","T":1734647283154,"m":false,"M":true}'
++Rcv decoded: fin=1 opcode=1 data=b'{"e":"trade","E":1734647283155,"s":"BTCUSDT","t":4307313719,"p":"97804.89000000","q":"0.00020000","T":1734647283154,"m":false,"M":true}'
++Rcv raw: b'\x81~\x00\x87{"e":"trade","E":1734647283155,"s":"BTCUSDT","t":4307313720,"p":"97804.89000000","q":"0.00033000","T":1734647283154,"m":false,"M":true}'
++Rcv decoded: fin=1 opcode=1 data=b'{"e":"trade","E":1734647283155,"s":"BTCUSDT","t":4307313720,"p":"97804.89000000","q":"0.00033000","T":1734647283154,"m":false,"M":true}'
++Rcv raw: b'\x81~\x00\x86{"e":"trade","E":1734647283319,"s":"BTCUSDT","t":4307313721,"p":"97804.88000000","q":"0.00045000","T":1734647283319,"m":true,"M":true}'
++Rcv decoded: fin=1 opcode=1 data=b'{"e":"trade","E":1734647283319,"s":"BTCUSDT","t":4307313721,"p":"97804.88000000","q":"0.00045000","T":1734647283319,"m":true,"M":true}'
++Rcv raw: b'\x81~\x00\x87{"e":"trade","E":1734647283340,"s":"BTCUSDT","t":4307313722,"p":"97804.89000000","q":"0.00204000","T":1734647283339,"m":false,"M":true}'
++Rcv decoded: fin=1 opcode=1 data=b'{"e":"trade","E":1734647283340,"s":"BTCUSDT","t":4307313722,"p":"97804.89000000","q":"0.00204000","T":1734647283339,"m":false,"M":true}'
++Rcv raw: b'\x81~\x00\x87{"e":"trade","E":1734647284136,"s":"BTCUSDT","t":4307313723,"p":"97804.89000000","q":"0.01207000","T":1734647284135,"m":false,"M":true}'
++Rcv decoded: fin=1 opcode=1 data=b'{"e":"trade","E":1734647284136,"s":"BTCUSDT","t":4307313723,"p":"97804.89000000","q":"0.01207000","T":1734647284135,"m":false,"M":true}'
++Rcv raw: b'\x81~\x00\x86{"e":"trade","E":1734647284940,"s":"BTCUSDT","t":4307313724,"p":"97804.88000000","q":"0.06147000","T":1734647284940,"m":true,"M":true}'
++Rcv decoded: fin=1 opcode=1 data=b'{"e":"trade","E":1734647284940,"s":"BTCUSDT","t":4307313724,"p":"97804.88000000","q":"0.06147000","T":1734647284940,"m":true,"M":true}'
++Rcv raw: b'\x81~\x00\x87{"e":"trade","E":1734647285437,"s":"BTCUSDT","t":4307313725,"p":"97804.89000000","q":"0.00409000","T":1734647285437,"m":false,"M":true}'
++Rcv decoded: fin=1 opcode=1 data=b'{"e":"trade","E":1734647285437,"s":"BTCUSDT","t":4307313725,"p":"97804.89000000","q":"0.00409000","T":1734647285437,"m":false,"M":true}'
++Rcv raw: b'\x81~\x00\x86{"e":"trade","E":1734647285462,"s":"BTCUSDT","t":4307313726,"p":"97804.88000000","q":"0.00020000","T":1734647285462,"m":true,"M":true}'
++Rcv decoded: fin=1 opcode=1 data=b'{"e":"trade","E":1734647285462,"s":"BTCUSDT","t":4307313726,"p":"97804.88000000","q":"0.00020000","T":1734647285462,"m":true,"M":true}'
++Rcv raw: b'\x81~\x00\x86{"e":"trade","E":1734647285774,"s":"BTCUSDT","t":4307313727,"p":"97804.88000000","q":"0.00024000","T":1734647285774,"m":true,"M":true}'
++Rcv decoded: fin=1 opcode=1 data=b'{"e":"trade","E":1734647285774,"s":"BTCUSDT","t":4307313727,"p":"97804.88000000","q":"0.00024000","T":1734647285774,"m":true,"M":true}'
++Rcv raw: b'\x81~\x00\x86{"e":"trade","E":1734647286102,"s":"BTCUSDT","t":4307313728,"p":"97804.88000000","q":"0.01781000","T":1734647286101,"m":true,"M":true}'
++Rcv decoded: fin=1 opcode=1 data=b'{"e":"trade","E":1734647286102,"s":"BTCUSDT","t":4307313728,"p":"97804.88000000","q":"0.01781000","T":1734647286101,"m":true,"M":true}'
++Rcv raw: b'\x81~\x00\x86{"e":"trade","E":1734647286102,"s":"BTCUSDT","t":4307313729,"p":"97804.88000000","q":"0.01561000","T":1734647286101,"m":true,"M":true}'
++Rcv decoded: fin=1 opcode=1 data=b'{"e":"trade","E":1734647286102,"s":"BTCUSDT","t":4307313729,"p":"97804.88000000","q":"0.01561000","T":1734647286101,"m":true,"M":true}'
++Rcv raw: b'\x81~\x00\x87{"e":"trade","E":1734647286155,"s":"BTCUSDT","t":4307313730,"p":"97804.89000000","q":"0.00460000","T":1734647286155,"m":false,"M":true}'
++Rcv decoded: fin=1 opcode=1 data=b'{"e":"trade","E":1734647286155,"s":"BTCUSDT","t":4307313730,"p":"97804.89000000","q":"0.00460000","T":1734647286155,"m":false,"M":true}'
++Rcv raw: b'\x81~\x00\x86{"e":"trade","E":1734647286372,"s":"BTCUSDT","t":4307313731,"p":"97804.88000000","q":"0.00008000","T":1734647286372,"m":true,"M":true}'
++Rcv decoded: fin=1 opcode=1 data=b'{"e":"trade","E":1734647286372,"s":"BTCUSDT","t":4307313731,"p":"97804.88000000","q":"0.00008000","T":1734647286372,"m":true,"M":true}'
++Rcv raw: b'\x81~\x00\x86{"e":"trade","E":1734647286379,"s":"BTCUSDT","t":4307313732,"p":"97804.88000000","q":"0.00007000","T":1734647286379,"m":true,"M":true}'
++Rcv decoded: fin=1 opcode=1 data=b'{"e":"trade","E":1734647286379,"s":"BTCUSDT","t":4307313732,"p":"97804.88000000","q":"0.00007000","T":1734647286379,"m":true,"M":true}'
++Rcv raw: b'\x81~\x00\x86{"e":"trade","E":1734647286453,"s":"BTCUSDT","t":4307313733,"p":"97804.88000000","q":"0.00020000","T":1734647286453,"m":true,"M":true}'
++Rcv decoded: fin=1 opcode=1 data=b'{"e":"trade","E":1734647286453,"s":"BTCUSDT","t":4307313733,"p":"97804.88000000","q":"0.00020000","T":1734647286453,"m":true,"M":true}'
++Rcv raw: b'\x81~\x00\x86{"e":"trade","E":1734647286472,"s":"BTCUSDT","t":4307313734,"p":"97804.88000000","q":"0.00007000","T":1734647286472,"m":true,"M":true}'
++Rcv decoded: fin=1 opcode=1 data=b'{"e":"trade","E":1734647286472,"s":"BTCUSDT","t":4307313734,"p":"97804.88000000","q":"0.00007000","T":1734647286472,"m":true,"M":true}'
++Rcv raw: b'\x81~\x00\x87{"e":"trade","E":1734647286485,"s":"BTCUSDT","t":4307313735,"p":"97804.89000000","q":"0.00033000","T":1734647286485,"m":false,"M":true}'
++Rcv decoded: fin=1 opcode=1 data=b'{"e":"trade","E":1734647286485,"s":"BTCUSDT","t":4307313735,"p":"97804.89000000","q":"0.00033000","T":1734647286485,"m":false,"M":true}'
++Rcv raw: b'\x81~\x00\x86{"e":"trade","E":1734647286543,"s":"BTCUSDT","t":4307313736,"p":"97804.88000000","q":"0.00134000","T":1734647286542,"m":true,"M":true}'
++Rcv decoded: fin=1 opcode=1 data=b'{"e":"trade","E":1734647286543,"s":"BTCUSDT","t":4307313736,"p":"97804.88000000","q":"0.00134000","T":1734647286542,"m":true,"M":true}'
++Rcv raw: b'\x81~\x00\x86{"e":"trade","E":1734647286543,"s":"BTCUSDT","t":4307313737,"p":"97804.88000000","q":"0.00083000","T":1734647286543,"m":true,"M":true}'
++Rcv decoded: fin=1 opcode=1 data=b'{"e":"trade","E":1734647286543,"s":"BTCUSDT","t":4307313737,"p":"97804.88000000","q":"0.00083000","T":1734647286543,"m":true,"M":true}'
++Rcv raw: b'\x81~\x00\x87{"e":"trade","E":1734647286648,"s":"BTCUSDT","t":4307313738,"p":"97804.89000000","q":"0.00020000","T":1734647286648,"m":false,"M":true}'
++Rcv decoded: fin=1 opcode=1 data=b'{"e":"trade","E":1734647286648,"s":"BTCUSDT","t":4307313738,"p":"97804.89000000","q":"0.00020000","T":1734647286648,"m":false,"M":true}'
++Rcv raw: b'\x81~\x00\x87{"e":"trade","E":1734647286831,"s":"BTCUSDT","t":4307313739,"p":"97804.89000000","q":"0.00010000","T":1734647286831,"m":false,"M":true}'
++Rcv decoded: fin=1 opcode=1 data=b'{"e":"trade","E":1734647286831,"s":"BTCUSDT","t":4307313739,"p":"97804.89000000","q":"0.00010000","T":1734647286831,"m":false,"M":true}'
++Rcv raw: b'\x81~\x00\x86{"e":"trade","E":1734647287540,"s":"BTCUSDT","t":4307313740,"p":"97804.88000000","q":"0.01545000","T":1734647287539,"m":true,"M":true}'
++Rcv decoded: fin=1 opcode=1 data=b'{"e":"trade","E":1734647287540,"s":"BTCUSDT","t":4307313740,"p":"97804.88000000","q":"0.01545000","T":1734647287539,"m":true,"M":true}'
++Rcv raw: b'\x81~\x00\x86{"e":"trade","E":1734647287702,"s":"BTCUSDT","t":4307313741,"p":"97804.88000000","q":"0.00061000","T":1734647287701,"m":true,"M":true}'
++Rcv decoded: fin=1 opcode=1 data=b'{"e":"trade","E":1734647287702,"s":"BTCUSDT","t":4307313741,"p":"97804.88000000","q":"0.00061000","T":1734647287701,"m":true,"M":true}'
++Rcv raw: b'\x81~\x00\x87{"e":"trade","E":1734647287707,"s":"BTCUSDT","t":4307313742,"p":"97804.89000000","q":"0.01289000","T":1734647287706,"m":false,"M":true}'
++Rcv decoded: fin=1 opcode=1 data=b'{"e":"trade","E":1734647287707,"s":"BTCUSDT","t":4307313742,"p":"97804.89000000","q":"0.01289000","T":1734647287706,"m":false,"M":true}'
++Rcv raw: b'\x81~\x00\x87{"e":"trade","E":1734647287758,"s":"BTCUSDT","t":4307313743,"p":"97804.89000000","q":"0.01012000","T":1734647287757,"m":false,"M":true}'
++Rcv decoded: fin=1 opcode=1 data=b'{"e":"trade","E":1734647287758,"s":"BTCUSDT","t":4307313743,"p":"97804.89000000","q":"0.01012000","T":1734647287757,"m":false,"M":true}'
++Rcv raw: b'\x81~\x00\x86{"e":"trade","E":1734647288383,"s":"BTCUSDT","t":4307313744,"p":"97804.88000000","q":"0.00070000","T":1734647288383,"m":true,"M":true}'
++Rcv decoded: fin=1 opcode=1 data=b'{"e":"trade","E":1734647288383,"s":"BTCUSDT","t":4307313744,"p":"97804.88000000","q":"0.00070000","T":1734647288383,"m":true,"M":true}'
++Rcv raw: b'\x81~\x00\x87{"e":"trade","E":1734647289034,"s":"BTCUSDT","t":4307313745,"p":"97804.89000000","q":"0.00122000","T":1734647289034,"m":false,"M":true}'
++Rcv decoded: fin=1 opcode=1 data=b'{"e":"trade","E":1734647289034,"s":"BTCUSDT","t":4307313745,"p":"97804.89000000","q":"0.00122000","T":1734647289034,"m":false,"M":true}'
++Rcv raw: b'\x81~\x00\x87{"e":"trade","E":1734647289386,"s":"BTCUSDT","t":4307313746,"p":"97804.89000000","q":"0.00355000","T":1734647289385,"m":false,"M":true}'
++Rcv decoded: fin=1 opcode=1 data=b'{"e":"trade","E":1734647289386,"s":"BTCUSDT","t":4307313746,"p":"97804.89000000","q":"0.00355000","T":1734647289385,"m":false,"M":true}'
++Rcv raw: b'\x81~\x00\x86{"e":"trade","E":1734647289399,"s":"BTCUSDT","t":4307313747,"p":"97804.88000000","q":"0.05965000","T":1734647289398,"m":true,"M":true}'
++Rcv decoded: fin=1 opcode=1 data=b'{"e":"trade","E":1734647289399,"s":"BTCUSDT","t":4307313747,"p":"97804.88000000","q":"0.05965000","T":1734647289398,"m":true,"M":true}'
++Rcv raw: b'\x81~\x00\x87{"e":"trade","E":1734647289724,"s":"BTCUSDT","t":4307313748,"p":"97804.89000000","q":"0.00637000","T":1734647289724,"m":false,"M":true}'
++Rcv decoded: fin=1 opcode=1 data=b'{"e":"trade","E":1734647289724,"s":"BTCUSDT","t":4307313748,"p":"97804.89000000","q":"0.00637000","T":1734647289724,"m":false,"M":true}'
++Rcv raw: b'\x81~\x00\x87{"e":"trade","E":1734647289766,"s":"BTCUSDT","t":4307313749,"p":"97804.89000000","q":"0.00030000","T":1734647289766,"m":false,"M":true}'
++Rcv decoded: fin=1 opcode=1 data=b'{"e":"trade","E":1734647289766,"s":"BTCUSDT","t":4307313749,"p":"97804.89000000","q":"0.00030000","T":1734647289766,"m":false,"M":true}'
++Rcv raw: b'\x81~\x00\x86{"e":"trade","E":1734647289890,"s":"BTCUSDT","t":4307313750,"p":"97804.88000000","q":"0.00676000","T":1734647289890,"m":true,"M":true}'
++Rcv decoded: fin=1 opcode=1 data=b'{"e":"trade","E":1734647289890,"s":"BTCUSDT","t":4307313750,"p":"97804.88000000","q":"0.00676000","T":1734647289890,"m":true,"M":true}'
++Rcv raw: b'\x81~\x00\x86{"e":"trade","E":1734647289890,"s":"BTCUSDT","t":4307313751,"p":"97804.88000000","q":"0.00032000","T":1734647289890,"m":true,"M":true}'
++Rcv decoded: fin=1 opcode=1 data=b'{"e":"trade","E":1734647289890,"s":"BTCUSDT","t":4307313751,"p":"97804.88000000","q":"0.00032000","T":1734647289890,"m":true,"M":true}'
++Rcv raw: b'\x81~\x00\x86{"e":"trade","E":1734647289890,"s":"BTCUSDT","t":4307313752,"p":"97804.88000000","q":"0.00200000","T":1734647289890,"m":true,"M":true}'
++Rcv decoded: fin=1 opcode=1 data=b'{"e":"trade","E":1734647289890,"s":"BTCUSDT","t":4307313752,"p":"97804.88000000","q":"0.00200000","T":1734647289890,"m":true,"M":true}'
++Rcv raw: b'\x81~\x00\x87{"e":"trade","E":1734647290040,"s":"BTCUSDT","t":4307313753,"p":"97804.89000000","q":"0.00007000","T":1734647290040,"m":false,"M":true}'
++Rcv decoded: fin=1 opcode=1 data=b'{"e":"trade","E":1734647290040,"s":"BTCUSDT","t":4307313753,"p":"97804.89000000","q":"0.00007000","T":1734647290040,"m":false,"M":true}'
++Rcv raw: b'\x81~\x00\x87{"e":"trade","E":1734647290093,"s":"BTCUSDT","t":4307313754,"p":"97804.89000000","q":"0.00120000","T":1734647290092,"m":false,"M":true}'
++Rcv decoded: fin=1 opcode=1 data=b'{"e":"trade","E":1734647290093,"s":"BTCUSDT","t":4307313754,"p":"97804.89000000","q":"0.00120000","T":1734647290092,"m":false,"M":true}'
++Rcv raw: b'\x81~\x00\x86{"e":"trade","E":1734647290241,"s":"BTCUSDT","t":4307313755,"p":"97804.88000000","q":"0.01150000","T":1734647290240,"m":true,"M":true}'
++Rcv decoded: fin=1 opcode=1 data=b'{"e":"trade","E":1734647290241,"s":"BTCUSDT","t":4307313755,"p":"97804.88000000","q":"0.01150000","T":1734647290240,"m":true,"M":true}'
++Rcv raw: b'\x81~\x00\x86{"e":"trade","E":1734647290371,"s":"BTCUSDT","t":4307313756,"p":"97804.88000000","q":"0.00449000","T":1734647290370,"m":true,"M":true}'
++Rcv decoded: fin=1 opcode=1 data=b'{"e":"trade","E":1734647290371,"s":"BTCUSDT","t":4307313756,"p":"97804.88000000","q":"0.00449000","T":1734647290370,"m":true,"M":true}'
++Rcv raw: b'\x81~\x00\x86{"e":"trade","E":1734647290474,"s":"BTCUSDT","t":4307313757,"p":"97804.88000000","q":"0.05621000","T":1734647290474,"m":true,"M":true}'
++Rcv decoded: fin=1 opcode=1 data=b'{"e":"trade","E":1734647290474,"s":"BTCUSDT","t":4307313757,"p":"97804.88000000","q":"0.05621000","T":1734647290474,"m":true,"M":true}'
++Rcv raw: b'\x81~\x00\x86{"e":"trade","E":1734647290490,"s":"BTCUSDT","t":4307313758,"p":"97804.88000000","q":"0.00864000","T":1734647290489,"m":true,"M":true}'
++Rcv decoded: fin=1 opcode=1 data=b'{"e":"trade","E":1734647290490,"s":"BTCUSDT","t":4307313758,"p":"97804.88000000","q":"0.00864000","T":1734647290489,"m":true,"M":true}'
++Rcv raw: b'\x81~\x00\x86{"e":"trade","E":1734647290682,"s":"BTCUSDT","t":4307313759,"p":"97804.88000000","q":"0.03000000","T":1734647290681,"m":true,"M":true}'
++Rcv decoded: fin=1 opcode=1 data=b'{"e":"trade","E":1734647290682,"s":"BTCUSDT","t":4307313759,"p":"97804.88000000","q":"0.03000000","T":1734647290681,"m":true,"M":true}'
++Rcv raw: b'\x81~\x00\x86{"e":"trade","E":1734647290739,"s":"BTCUSDT","t":4307313760,"p":"97804.88000000","q":"0.01142000","T":1734647290739,"m":true,"M":true}'
++Rcv decoded: fin=1 opcode=1 data=b'{"e":"trade","E":1734647290739,"s":"BTCUSDT","t":4307313760,"p":"97804.88000000","q":"0.01142000","T":1734647290739,"m":true,"M":true}'
++Rcv raw: b'\x81~\x00\x86{"e":"trade","E":1734647290739,"s":"BTCUSDT","t":4307313761,"p":"97804.88000000","q":"0.00390000","T":1734647290739,"m":true,"M":true}'
++Rcv decoded: fin=1 opcode=1 data=b'{"e":"trade","E":1734647290739,"s":"BTCUSDT","t":4307313761,"p":"97804.88000000","q":"0.00390000","T":1734647290739,"m":true,"M":true}'
++Rcv raw: b'\x81~\x00\x86{"e":"trade","E":1734647290976,"s":"BTCUSDT","t":4307313762,"p":"97804.88000000","q":"0.00792000","T":1734647290976,"m":true,"M":true}'
++Rcv decoded: fin=1 opcode=1 data=b'{"e":"trade","E":1734647290976,"s":"BTCUSDT","t":4307313762,"p":"97804.88000000","q":"0.00792000","T":1734647290976,"m":true,"M":true}'
++Rcv raw: b'\x81~\x00\x86{"e":"trade","E":1734647291114,"s":"BTCUSDT","t":4307313763,"p":"97804.88000000","q":"0.00817000","T":1734647291113,"m":true,"M":true}'
++Rcv decoded: fin=1 opcode=1 data=b'{"e":"trade","E":1734647291114,"s":"BTCUSDT","t":4307313763,"p":"97804.88000000","q":"0.00817000","T":1734647291113,"m":true,"M":true}'
++Rcv raw: b'\x81~\x00\x86{"e":"trade","E":1734647291114,"s":"BTCUSDT","t":4307313764,"p":"97804.88000000","q":"0.00755000","T":1734647291113,"m":true,"M":true}'
++Rcv decoded: fin=1 opcode=1 data=b'{"e":"trade","E":1734647291114,"s":"BTCUSDT","t":4307313764,"p":"97804.88000000","q":"0.00755000","T":1734647291113,"m":true,"M":true}'
++Rcv raw: b'\x81~\x00\x87{"e":"trade","E":1734647291117,"s":"BTCUSDT","t":4307313765,"p":"97804.89000000","q":"0.04052000","T":1734647291117,"m":false,"M":true}'
++Rcv decoded: fin=1 opcode=1 data=b'{"e":"trade","E":1734647291117,"s":"BTCUSDT","t":4307313765,"p":"97804.89000000","q":"0.04052000","T":1734647291117,"m":false,"M":true}'
++Rcv raw: b'\x81~\x00\x87{"e":"trade","E":1734647291117,"s":"BTCUSDT","t":4307313766,"p":"97804.89000000","q":"0.02660000","T":1734647291117,"m":false,"M":true}'
++Rcv decoded: fin=1 opcode=1 data=b'{"e":"trade","E":1734647291117,"s":"BTCUSDT","t":4307313766,"p":"97804.89000000","q":"0.02660000","T":1734647291117,"m":false,"M":true}'
++Rcv raw: b'\x81~\x00\x87{"e":"trade","E":1734647291117,"s":"BTCUSDT","t":4307313767,"p":"97804.89000000","q":"0.19943000","T":1734647291117,"m":false,"M":true}'
++Rcv decoded: fin=1 opcode=1 data=b'{"e":"trade","E":1734647291117,"s":"BTCUSDT","t":4307313767,"p":"97804.89000000","q":"0.19943000","T":1734647291117,"m":false,"M":true}'
++Rcv raw: b'\x81~\x00\x87{"e":"trade","E":1734647291162,"s":"BTCUSDT","t":4307313768,"p":"97804.89000000","q":"0.00400000","T":1734647291162,"m":false,"M":true}'
++Rcv decoded: fin=1 opcode=1 data=b'{"e":"trade","E":1734647291162,"s":"BTCUSDT","t":4307313768,"p":"97804.89000000","q":"0.00400000","T":1734647291162,"m":false,"M":true}'
++Rcv raw: b'\x81~\x00\x87{"e":"trade","E":1734647291833,"s":"BTCUSDT","t":4307313769,"p":"97804.89000000","q":"0.00521000","T":1734647291832,"m":false,"M":true}'
++Rcv decoded: fin=1 opcode=1 data=b'{"e":"trade","E":1734647291833,"s":"BTCUSDT","t":4307313769,"p":"97804.89000000","q":"0.00521000","T":1734647291832,"m":false,"M":true}'
++Rcv raw: b'\x81~\x00\x87{"e":"trade","E":1734647291910,"s":"BTCUSDT","t":4307313770,"p":"97804.89000000","q":"0.00082000","T":1734647291910,"m":false,"M":true}'
++Rcv decoded: fin=1 opcode=1 data=b'{"e":"trade","E":1734647291910,"s":"BTCUSDT","t":4307313770,"p":"97804.89000000","q":"0.00082000","T":1734647291910,"m":false,"M":true}'
++Rcv raw: b'\x81~\x00\x87{"e":"trade","E":1734647292314,"s":"BTCUSDT","t":4307313771,"p":"97804.89000000","q":"0.00041000","T":1734647292314,"m":false,"M":true}'
++Rcv decoded: fin=1 opcode=1 data=b'{"e":"trade","E":1734647292314,"s":"BTCUSDT","t":4307313771,"p":"97804.89000000","q":"0.00041000","T":1734647292314,"m":false,"M":true}'
++Rcv raw: b'\x81~\x00\x87{"e":"trade","E":1734647292407,"s":"BTCUSDT","t":4307313772,"p":"97804.89000000","q":"0.00173000","T":1734647292407,"m":false,"M":true}'
++Rcv decoded: fin=1 opcode=1 data=b'{"e":"trade","E":1734647292407,"s":"BTCUSDT","t":4307313772,"p":"97804.89000000","q":"0.00173000","T":1734647292407,"m":false,"M":true}'
++Rcv raw: b'\x81~\x00\x87{"e":"trade","E":1734647293181,"s":"BTCUSDT","t":4307313773,"p":"97804.89000000","q":"0.03077000","T":1734647293181,"m":false,"M":true}'
++Rcv decoded: fin=1 opcode=1 data=b'{"e":"trade","E":1734647293181,"s":"BTCUSDT","t":4307313773,"p":"97804.89000000","q":"0.03077000","T":1734647293181,"m":false,"M":true}'
++Rcv raw: b'\x81~\x00\x86{"e":"trade","E":1734647293442,"s":"BTCUSDT","t":4307313774,"p":"97804.88000000","q":"0.00010000","T":1734647293441,"m":true,"M":true}'
++Rcv decoded: fin=1 opcode=1 data=b'{"e":"trade","E":1734647293442,"s":"BTCUSDT","t":4307313774,"p":"97804.88000000","q":"0.00010000","T":1734647293441,"m":true,"M":true}'
++Rcv raw: b'\x81~\x00\x87{"e":"trade","E":1734647293553,"s":"BTCUSDT","t":4307313775,"p":"97804.89000000","q":"0.00135000","T":1734647293553,"m":false,"M":true}'
++Rcv decoded: fin=1 opcode=1 data=b'{"e":"trade","E":1734647293553,"s":"BTCUSDT","t":4307313775,"p":"97804.89000000","q":"0.00135000","T":1734647293553,"m":false,"M":true}'
++Rcv raw: b'\x81~\x00\x87{"e":"trade","E":1734647293609,"s":"BTCUSDT","t":4307313776,"p":"97804.89000000","q":"0.00051000","T":1734647293608,"m":false,"M":true}'
++Rcv decoded: fin=1 opcode=1 data=b'{"e":"trade","E":1734647293609,"s":"BTCUSDT","t":4307313776,"p":"97804.89000000","q":"0.00051000","T":1734647293608,"m":false,"M":true}'
++Rcv raw: b'\x81~\x00\x87{"e":"trade","E":1734647293848,"s":"BTCUSDT","t":4307313777,"p":"97804.89000000","q":"0.00307000","T":1734647293848,"m":false,"M":true}'
++Rcv decoded: fin=1 opcode=1 data=b'{"e":"trade","E":1734647293848,"s":"BTCUSDT","t":4307313777,"p":"97804.89000000","q":"0.00307000","T":1734647293848,"m":false,"M":true}'
++Rcv raw: b'\x81~\x00\x87{"e":"trade","E":1734647294025,"s":"BTCUSDT","t":4307313778,"p":"97804.89000000","q":"0.00986000","T":1734647294024,"m":false,"M":true}'
++Rcv decoded: fin=1 opcode=1 data=b'{"e":"trade","E":1734647294025,"s":"BTCUSDT","t":4307313778,"p":"97804.89000000","q":"0.00986000","T":1734647294024,"m":false,"M":true}'
++Rcv raw: b'\x81~\x00\x86{"e":"trade","E":1734647294027,"s":"BTCUSDT","t":4307313779,"p":"97804.88000000","q":"0.00084000","T":1734647294027,"m":true,"M":true}'
++Rcv decoded: fin=1 opcode=1 data=b'{"e":"trade","E":1734647294027,"s":"BTCUSDT","t":4307313779,"p":"97804.88000000","q":"0.00084000","T":1734647294027,"m":true,"M":true}'
++Rcv raw: b'\x81~\x00\x87{"e":"trade","E":1734647294136,"s":"BTCUSDT","t":4307313780,"p":"97804.89000000","q":"0.00300000","T":1734647294136,"m":false,"M":true}'
++Rcv decoded: fin=1 opcode=1 data=b'{"e":"trade","E":1734647294136,"s":"BTCUSDT","t":4307313780,"p":"97804.89000000","q":"0.00300000","T":1734647294136,"m":false,"M":true}'
++Rcv raw: b'\x81~\x00\x86{"e":"trade","E":1734647294640,"s":"BTCUSDT","t":4307313781,"p":"97804.88000000","q":"0.00108000","T":1734647294639,"m":true,"M":true}'
++Rcv decoded: fin=1 opcode=1 data=b'{"e":"trade","E":1734647294640,"s":"BTCUSDT","t":4307313781,"p":"97804.88000000","q":"0.00108000","T":1734647294639,"m":true,"M":true}'
++Rcv raw: b'\x81~\x00\x86{"e":"trade","E":1734647294890,"s":"BTCUSDT","t":4307313782,"p":"97804.88000000","q":"0.01009000","T":1734647294889,"m":true,"M":true}'
++Rcv decoded: fin=1 opcode=1 data=b'{"e":"trade","E":1734647294890,"s":"BTCUSDT","t":4307313782,"p":"97804.88000000","q":"0.01009000","T":1734647294889,"m":true,"M":true}'
++Rcv raw: b'\x81~\x00\x86{"e":"trade","E":1734647295006,"s":"BTCUSDT","t":4307313783,"p":"97804.88000000","q":"0.00456000","T":1734647295006,"m":true,"M":true}'
++Rcv decoded: fin=1 opcode=1 data=b'{"e":"trade","E":1734647295006,"s":"BTCUSDT","t":4307313783,"p":"97804.88000000","q":"0.00456000","T":1734647295006,"m":true,"M":true}'
++Rcv raw: b'\x81~\x00\x87{"e":"trade","E":1734647295187,"s":"BTCUSDT","t":4307313784,"p":"97804.89000000","q":"0.00006000","T":1734647295186,"m":false,"M":true}'
++Rcv decoded: fin=1 opcode=1 data=b'{"e":"trade","E":1734647295187,"s":"BTCUSDT","t":4307313784,"p":"97804.89000000","q":"0.00006000","T":1734647295186,"m":false,"M":true}'
++Rcv raw: b'\x81~\x00\x86{"e":"trade","E":1734647295299,"s":"BTCUSDT","t":4307313785,"p":"97804.88000000","q":"0.01637000","T":1734647295299,"m":true,"M":true}'
++Rcv decoded: fin=1 opcode=1 data=b'{"e":"trade","E":1734647295299,"s":"BTCUSDT","t":4307313785,"p":"97804.88000000","q":"0.01637000","T":1734647295299,"m":true,"M":true}'
++Rcv raw: b'\x81~\x00\x87{"e":"trade","E":1734647295314,"s":"BTCUSDT","t":4307313786,"p":"97804.89000000","q":"0.00049000","T":1734647295314,"m":false,"M":true}'
++Rcv decoded: fin=1 opcode=1 data=b'{"e":"trade","E":1734647295314,"s":"BTCUSDT","t":4307313786,"p":"97804.89000000","q":"0.00049000","T":1734647295314,"m":false,"M":true}'
++Rcv raw: b'\x81~\x00\x87{"e":"trade","E":1734647295667,"s":"BTCUSDT","t":4307313787,"p":"97804.89000000","q":"0.00963000","T":1734647295667,"m":false,"M":true}'
++Rcv decoded: fin=1 opcode=1 data=b'{"e":"trade","E":1734647295667,"s":"BTCUSDT","t":4307313787,"p":"97804.89000000","q":"0.00963000","T":1734647295667,"m":false,"M":true}'
++Rcv raw: b'\x81~\x00\x87{"e":"trade","E":1734647295667,"s":"BTCUSDT","t":4307313788,"p":"97804.89000000","q":"0.00186000","T":1734647295667,"m":false,"M":true}'
++Rcv decoded: fin=1 opcode=1 data=b'{"e":"trade","E":1734647295667,"s":"BTCUSDT","t":4307313788,"p":"97804.89000000","q":"0.00186000","T":1734647295667,"m":false,"M":true}'
++Rcv raw: b'\x81~\x00\x87{"e":"trade","E":1734647295667,"s":"BTCUSDT","t":4307313789,"p":"97804.89000000","q":"0.00220000","T":1734647295667,"m":false,"M":true}'
++Rcv decoded: fin=1 opcode=1 data=b'{"e":"trade","E":1734647295667,"s":"BTCUSDT","t":4307313789,"p":"97804.89000000","q":"0.00220000","T":1734647295667,"m":false,"M":true}'
++Rcv raw: b'\x81~\x00\x87{"e":"trade","E":1734647295667,"s":"BTCUSDT","t":4307313790,"p":"97804.89000000","q":"0.01139000","T":1734647295667,"m":false,"M":true}'
++Rcv decoded: fin=1 opcode=1 data=b'{"e":"trade","E":1734647295667,"s":"BTCUSDT","t":4307313790,"p":"97804.89000000","q":"0.01139000","T":1734647295667,"m":false,"M":true}'
++Rcv raw: b'\x81~\x00\x86{"e":"trade","E":1734647295789,"s":"BTCUSDT","t":4307313791,"p":"97804.88000000","q":"0.01634000","T":1734647295789,"m":true,"M":true}'
++Rcv decoded: fin=1 opcode=1 data=b'{"e":"trade","E":1734647295789,"s":"BTCUSDT","t":4307313791,"p":"97804.88000000","q":"0.01634000","T":1734647295789,"m":true,"M":true}'
++Rcv raw: b'\x81~\x00\x86{"e":"trade","E":1734647296129,"s":"BTCUSDT","t":4307313792,"p":"97804.88000000","q":"0.01897000","T":1734647296128,"m":true,"M":true}'
++Rcv decoded: fin=1 opcode=1 data=b'{"e":"trade","E":1734647296129,"s":"BTCUSDT","t":4307313792,"p":"97804.88000000","q":"0.01897000","T":1734647296128,"m":true,"M":true}'
++Rcv raw: b'\x81~\x00\x87{"e":"trade","E":1734647296396,"s":"BTCUSDT","t":4307313793,"p":"97804.89000000","q":"0.00173000","T":1734647296396,"m":false,"M":true}'
++Rcv decoded: fin=1 opcode=1 data=b'{"e":"trade","E":1734647296396,"s":"BTCUSDT","t":4307313793,"p":"97804.89000000","q":"0.00173000","T":1734647296396,"m":false,"M":true}'
++Rcv raw: b'\x81~\x00\x87{"e":"trade","E":1734647296396,"s":"BTCUSDT","t":4307313794,"p":"97804.89000000","q":"0.05154000","T":1734647296396,"m":false,"M":true}'
++Rcv decoded: fin=1 opcode=1 data=b'{"e":"trade","E":1734647296396,"s":"BTCUSDT","t":4307313794,"p":"97804.89000000","q":"0.05154000","T":1734647296396,"m":false,"M":true}'
++Rcv raw: b'\x81~\x00\x87{"e":"trade","E":1734647296396,"s":"BTCUSDT","t":4307313795,"p":"97804.89000000","q":"0.00511000","T":1734647296396,"m":false,"M":true}'
++Rcv decoded: fin=1 opcode=1 data=b'{"e":"trade","E":1734647296396,"s":"BTCUSDT","t":4307313795,"p":"97804.89000000","q":"0.00511000","T":1734647296396,"m":false,"M":true}'
++Rcv raw: b'\x81~\x00\x87{"e":"trade","E":1734647296396,"s":"BTCUSDT","t":4307313796,"p":"97804.89000000","q":"0.00940000","T":1734647296396,"m":false,"M":true}'
++Rcv decoded: fin=1 opcode=1 data=b'{"e":"trade","E":1734647296396,"s":"BTCUSDT","t":4307313796,"p":"97804.89000000","q":"0.00940000","T":1734647296396,"m":false,"M":true}'
++Rcv raw: b'\x81~\x00\x87{"e":"trade","E":1734647296396,"s":"BTCUSDT","t":4307313797,"p":"97804.89000000","q":"0.01126000","T":1734647296396,"m":false,"M":true}'
++Rcv decoded: fin=1 opcode=1 data=b'{"e":"trade","E":1734647296396,"s":"BTCUSDT","t":4307313797,"p":"97804.89000000","q":"0.01126000","T":1734647296396,"m":false,"M":true}'
++Rcv raw: b'\x81~\x00\x87{"e":"trade","E":1734647296396,"s":"BTCUSDT","t":4307313798,"p":"97804.89000000","q":"0.00511000","T":1734647296396,"m":false,"M":true}'
++Rcv decoded: fin=1 opcode=1 data=b'{"e":"trade","E":1734647296396,"s":"BTCUSDT","t":4307313798,"p":"97804.89000000","q":"0.00511000","T":1734647296396,"m":false,"M":true}'
++Rcv raw: b'\x81~\x00\x87{"e":"trade","E":1734647296396,"s":"BTCUSDT","t":4307313799,"p":"97804.89000000","q":"0.02660000","T":1734647296396,"m":false,"M":true}'
++Rcv decoded: fin=1 opcode=1 data=b'{"e":"trade","E":1734647296396,"s":"BTCUSDT","t":4307313799,"p":"97804.89000000","q":"0.02660000","T":1734647296396,"m":false,"M":true}'
++Rcv raw: b'\x81~\x00\x87{"e":"trade","E":1734647296396,"s":"BTCUSDT","t":4307313800,"p":"97804.89000000","q":"0.00511000","T":1734647296396,"m":false,"M":true}'
++Rcv decoded: fin=1 opcode=1 data=b'{"e":"trade","E":1734647296396,"s":"BTCUSDT","t":4307313800,"p":"97804.89000000","q":"0.00511000","T":1734647296396,"m":false,"M":true}'
++Rcv raw: b'\x81~\x00\x87{"e":"trade","E":1734647296396,"s":"BTCUSDT","t":4307313801,"p":"97804.89000000","q":"0.01105000","T":1734647296396,"m":false,"M":true}'
++Rcv decoded: fin=1 opcode=1 data=b'{"e":"trade","E":1734647296396,"s":"BTCUSDT","t":4307313801,"p":"97804.89000000","q":"0.01105000","T":1734647296396,"m":false,"M":true}'
++Rcv raw: b'\x81~\x00\x87{"e":"trade","E":1734647296396,"s":"BTCUSDT","t":4307313802,"p":"97804.89000000","q":"0.00373000","T":1734647296396,"m":false,"M":true}'
++Rcv decoded: fin=1 opcode=1 data=b'{"e":"trade","E":1734647296396,"s":"BTCUSDT","t":4307313802,"p":"97804.89000000","q":"0.00373000","T":1734647296396,"m":false,"M":true}'
++Rcv raw: b'\x81~\x00\x87{"e":"trade","E":1734647296396,"s":"BTCUSDT","t":4307313803,"p":"97804.89000000","q":"0.00511000","T":1734647296396,"m":false,"M":true}'
++Rcv decoded: fin=1 opcode=1 data=b'{"e":"trade","E":1734647296396,"s":"BTCUSDT","t":4307313803,"p":"97804.89000000","q":"0.00511000","T":1734647296396,"m":false,"M":true}'
++Rcv raw: b'\x81~\x00\x87{"e":"trade","E":1734647296396,"s":"BTCUSDT","t":4307313804,"p":"97804.89000000","q":"0.04091000","T":1734647296396,"m":false,"M":true}'
++Rcv decoded: fin=1 opcode=1 data=b'{"e":"trade","E":1734647296396,"s":"BTCUSDT","t":4307313804,"p":"97804.89000000","q":"0.04091000","T":1734647296396,"m":false,"M":true}'
++Rcv raw: b'\x81~\x00\x87{"e":"trade","E":1734647296396,"s":"BTCUSDT","t":4307313805,"p":"97804.89000000","q":"0.00511000","T":1734647296396,"m":false,"M":true}'
++Rcv decoded: fin=1 opcode=1 data=b'{"e":"trade","E":1734647296396,"s":"BTCUSDT","t":4307313805,"p":"97804.89000000","q":"0.00511000","T":1734647296396,"m":false,"M":true}'
++Rcv raw: b'\x81~\x00\x87{"e":"trade","E":1734647296396,"s":"BTCUSDT","t":4307313806,"p":"97804.89000000","q":"0.04220000","T":1734647296396,"m":false,"M":true}'
++Rcv decoded: fin=1 opcode=1 data=b'{"e":"trade","E":1734647296396,"s":"BTCUSDT","t":4307313806,"p":"97804.89000000","q":"0.04220000","T":1734647296396,"m":false,"M":true}'
++Rcv raw: b'\x81~\x00\x87{"e":"trade","E":1734647296396,"s":"BTCUSDT","t":4307313807,"p":"97804.89000000","q":"0.04713000","T":1734647296396,"m":false,"M":true}'
++Rcv decoded: fin=1 opcode=1 data=b'{"e":"trade","E":1734647296396,"s":"BTCUSDT","t":4307313807,"p":"97804.89000000","q":"0.04713000","T":1734647296396,"m":false,"M":true}'
++Rcv raw: b'\x81~\x00\x87{"e":"trade","E":1734647296397,"s":"BTCUSDT","t":4307313808,"p":"97804.89000000","q":"0.00039000","T":1734647296397,"m":false,"M":true}'
++Rcv decoded: fin=1 opcode=1 data=b'{"e":"trade","E":1734647296397,"s":"BTCUSDT","t":4307313808,"p":"97804.89000000","q":"0.00039000","T":1734647296397,"m":false,"M":true}'
++Rcv raw: b'\x81~\x00\x87{"e":"trade","E":1734647297318,"s":"BTCUSDT","t":4307313809,"p":"97804.89000000","q":"0.03000000","T":1734647297317,"m":false,"M":true}'
++Rcv decoded: fin=1 opcode=1 data=b'{"e":"trade","E":1734647297318,"s":"BTCUSDT","t":4307313809,"p":"97804.89000000","q":"0.03000000","T":1734647297317,"m":false,"M":true}'
++Rcv raw: b'\x81~\x00\x86{"e":"trade","E":1734647297419,"s":"BTCUSDT","t":4307313810,"p":"97804.88000000","q":"0.00010000","T":1734647297419,"m":true,"M":true}'
++Rcv decoded: fin=1 opcode=1 data=b'{"e":"trade","E":1734647297419,"s":"BTCUSDT","t":4307313810,"p":"97804.88000000","q":"0.00010000","T":1734647297419,"m":true,"M":true}'
++Rcv raw: b'\x81~\x00\x86{"e":"trade","E":1734647297546,"s":"BTCUSDT","t":4307313811,"p":"97804.88000000","q":"0.00029000","T":1734647297546,"m":true,"M":true}'
++Rcv decoded: fin=1 opcode=1 data=b'{"e":"trade","E":1734647297546,"s":"BTCUSDT","t":4307313811,"p":"97804.88000000","q":"0.00029000","T":1734647297546,"m":true,"M":true}'
++Rcv raw: b'\x81~\x00\x87{"e":"trade","E":1734647297990,"s":"BTCUSDT","t":4307313812,"p":"97804.89000000","q":"0.00159000","T":1734647297989,"m":false,"M":true}'
++Rcv decoded: fin=1 opcode=1 data=b'{"e":"trade","E":1734647297990,"s":"BTCUSDT","t":4307313812,"p":"97804.89000000","q":"0.00159000","T":1734647297989,"m":false,"M":true}'
++Rcv raw: b'\x81~\x00\x87{"e":"trade","E":1734647298402,"s":"BTCUSDT","t":4307313813,"p":"97804.89000000","q":"0.00959000","T":1734647298401,"m":false,"M":true}'
++Rcv decoded: fin=1 opcode=1 data=b'{"e":"trade","E":1734647298402,"s":"BTCUSDT","t":4307313813,"p":"97804.89000000","q":"0.00959000","T":1734647298401,"m":false,"M":true}'
++Rcv raw: b'\x81~\x00\x86{"e":"trade","E":1734647298771,"s":"BTCUSDT","t":4307313814,"p":"97804.88000000","q":"0.00976000","T":1734647298770,"m":true,"M":true}'
++Rcv decoded: fin=1 opcode=1 data=b'{"e":"trade","E":1734647298771,"s":"BTCUSDT","t":4307313814,"p":"97804.88000000","q":"0.00976000","T":1734647298770,"m":true,"M":true}'
++Rcv raw: b'\x81~\x00\x87{"e":"trade","E":1734647298976,"s":"BTCUSDT","t":4307313815,"p":"97804.89000000","q":"0.00025000","T":1734647298975,"m":false,"M":true}'
++Rcv decoded: fin=1 opcode=1 data=b'{"e":"trade","E":1734647298976,"s":"BTCUSDT","t":4307313815,"p":"97804.89000000","q":"0.00025000","T":1734647298975,"m":false,"M":true}'
++Rcv raw: b'\x81~\x00\x87{"e":"trade","E":1734647299002,"s":"BTCUSDT","t":4307313816,"p":"97804.89000000","q":"0.21871000","T":1734647299001,"m":false,"M":true}'
++Rcv decoded: fin=1 opcode=1 data=b'{"e":"trade","E":1734647299002,"s":"BTCUSDT","t":4307313816,"p":"97804.89000000","q":"0.21871000","T":1734647299001,"m":false,"M":true}'
++Rcv raw: b'\x81~\x00\x87{"e":"trade","E":1734647299002,"s":"BTCUSDT","t":4307313817,"p":"97804.89000000","q":"0.00132000","T":1734647299001,"m":false,"M":true}'
++Rcv decoded: fin=1 opcode=1 data=b'{"e":"trade","E":1734647299002,"s":"BTCUSDT","t":4307313817,"p":"97804.89000000","q":"0.00132000","T":1734647299001,"m":false,"M":true}'
++Rcv raw: b'\x81~\x00\x87{"e":"trade","E":1734647299002,"s":"BTCUSDT","t":4307313818,"p":"97804.89000000","q":"0.04090000","T":1734647299001,"m":false,"M":true}'
++Rcv decoded: fin=1 opcode=1 data=b'{"e":"trade","E":1734647299002,"s":"BTCUSDT","t":4307313818,"p":"97804.89000000","q":"0.04090000","T":1734647299001,"m":false,"M":true}'
++Rcv raw: b'\x81~\x00\x87{"e":"trade","E":1734647299002,"s":"BTCUSDT","t":4307313819,"p":"97804.89000000","q":"0.01321000","T":1734647299001,"m":false,"M":true}'
++Rcv decoded: fin=1 opcode=1 data=b'{"e":"trade","E":1734647299002,"s":"BTCUSDT","t":4307313819,"p":"97804.89000000","q":"0.01321000","T":1734647299001,"m":false,"M":true}'
++Rcv raw: b'\x81~\x00\x87{"e":"trade","E":1734647299069,"s":"BTCUSDT","t":4307313820,"p":"97804.91000000","q":"0.00006000","T":1734647299068,"m":false,"M":true}'
++Rcv decoded: fin=1 opcode=1 data=b'{"e":"trade","E":1734647299069,"s":"BTCUSDT","t":4307313820,"p":"97804.91000000","q":"0.00006000","T":1734647299068,"m":false,"M":true}'
++Rcv raw: b'\x81~\x00\x87{"e":"trade","E":1734647299069,"s":"BTCUSDT","t":4307313821,"p":"97804.91000000","q":"0.00006000","T":1734647299068,"m":false,"M":true}'
++Rcv decoded: fin=1 opcode=1 data=b'{"e":"trade","E":1734647299069,"s":"BTCUSDT","t":4307313821,"p":"97804.91000000","q":"0.00006000","T":1734647299068,"m":false,"M":true}'
++Rcv raw: b'\x81~\x00\x87{"e":"trade","E":1734647299069,"s":"BTCUSDT","t":4307313822,"p":"97804.91000000","q":"0.00006000","T":1734647299068,"m":false,"M":true}'
++Rcv decoded: fin=1 opcode=1 data=b'{"e":"trade","E":1734647299069,"s":"BTCUSDT","t":4307313822,"p":"97804.91000000","q":"0.00006000","T":1734647299068,"m":false,"M":true}'
++Rcv raw: b'\x81~\x00\x87{"e":"trade","E":1734647299069,"s":"BTCUSDT","t":4307313823,"p":"97804.91000000","q":"0.00006000","T":1734647299068,"m":false,"M":true}'
++Rcv decoded: fin=1 opcode=1 data=b'{"e":"trade","E":1734647299069,"s":"BTCUSDT","t":4307313823,"p":"97804.91000000","q":"0.00006000","T":1734647299068,"m":false,"M":true}'
++Rcv raw: b'\x81~\x00\x87{"e":"trade","E":1734647299069,"s":"BTCUSDT","t":4307313824,"p":"97804.91000000","q":"0.00006000","T":1734647299068,"m":false,"M":true}'
++Rcv decoded: fin=1 opcode=1 data=b'{"e":"trade","E":1734647299069,"s":"BTCUSDT","t":4307313824,"p":"97804.91000000","q":"0.00006000","T":1734647299068,"m":false,"M":true}'
++Rcv raw: b'\x81~\x00\x87{"e":"trade","E":1734647299069,"s":"BTCUSDT","t":4307313825,"p":"97804.91000000","q":"0.00006000","T":1734647299068,"m":false,"M":true}'
++Rcv decoded: fin=1 opcode=1 data=b'{"e":"trade","E":1734647299069,"s":"BTCUSDT","t":4307313825,"p":"97804.91000000","q":"0.00006000","T":1734647299068,"m":false,"M":true}'
++Rcv raw: b'\x81~\x00\x87{"e":"trade","E":1734647299069,"s":"BTCUSDT","t":4307313826,"p":"97804.91000000","q":"0.00006000","T":1734647299068,"m":false,"M":true}'
++Rcv decoded: fin=1 opcode=1 data=b'{"e":"trade","E":1734647299069,"s":"BTCUSDT","t":4307313826,"p":"97804.91000000","q":"0.00006000","T":1734647299068,"m":false,"M":true}'
++Rcv raw: b'\x81~\x00\x87{"e":"trade","E":1734647299069,"s":"BTCUSDT","t":4307313827,"p":"97804.91000000","q":"0.00006000","T":1734647299068,"m":false,"M":true}'
++Rcv decoded: fin=1 opcode=1 data=b'{"e":"trade","E":1734647299069,"s":"BTCUSDT","t":4307313827,"p":"97804.91000000","q":"0.00006000","T":1734647299068,"m":false,"M":true}'
++Rcv raw: b'\x81~\x00\x87{"e":"trade","E":1734647299069,"s":"BTCUSDT","t":4307313828,"p":"97804.91000000","q":"0.00006000","T":1734647299068,"m":false,"M":true}'
++Rcv decoded: fin=1 opcode=1 data=b'{"e":"trade","E":1734647299069,"s":"BTCUSDT","t":4307313828,"p":"97804.91000000","q":"0.00006000","T":1734647299068,"m":false,"M":true}'
++Rcv raw: b'\x81~\x00\x87{"e":"trade","E":1734647299069,"s":"BTCUSDT","t":4307313829,"p":"97804.91000000","q":"0.00006000","T":1734647299068,"m":false,"M":true}'
++Rcv decoded: fin=1 opcode=1 data=b'{"e":"trade","E":1734647299069,"s":"BTCUSDT","t":4307313829,"p":"97804.91000000","q":"0.00006000","T":1734647299068,"m":false,"M":true}'
++Rcv raw: b'\x81~\x00\x87{"e":"trade","E":1734647299069,"s":"BTCUSDT","t":4307313830,"p":"97804.91000000","q":"0.00100000","T":1734647299068,"m":false,"M":true}'
++Rcv decoded: fin=1 opcode=1 data=b'{"e":"trade","E":1734647299069,"s":"BTCUSDT","t":4307313830,"p":"97804.91000000","q":"0.00100000","T":1734647299068,"m":false,"M":true}'
++Rcv raw: b'\x81~\x00\x87{"e":"trade","E":1734647299069,"s":"BTCUSDT","t":4307313831,"p":"97805.01000000","q":"0.00006000","T":1734647299068,"m":false,"M":true}'
++Rcv decoded: fin=1 opcode=1 data=b'{"e":"trade","E":1734647299069,"s":"BTCUSDT","t":4307313831,"p":"97805.01000000","q":"0.00006000","T":1734647299068,"m":false,"M":true}'
++Rcv raw: b'\x81~\x00\x87{"e":"trade","E":1734647299069,"s":"BTCUSDT","t":4307313832,"p":"97805.02000000","q":"0.01000000","T":1734647299068,"m":false,"M":true}'
++Rcv decoded: fin=1 opcode=1 data=b'{"e":"trade","E":1734647299069,"s":"BTCUSDT","t":4307313832,"p":"97805.02000000","q":"0.01000000","T":1734647299068,"m":false,"M":true}'
++Rcv raw: b'\x81~\x00\x87{"e":"trade","E":1734647299069,"s":"BTCUSDT","t":4307313833,"p":"97805.93000000","q":"0.00006000","T":1734647299068,"m":false,"M":true}'
++Rcv decoded: fin=1 opcode=1 data=b'{"e":"trade","E":1734647299069,"s":"BTCUSDT","t":4307313833,"p":"97805.93000000","q":"0.00006000","T":1734647299068,"m":false,"M":true}'
++Rcv raw: b'\x81~\x00\x87{"e":"trade","E":1734647299069,"s":"BTCUSDT","t":4307313834,"p":"97806.67000000","q":"0.00006000","T":1734647299068,"m":false,"M":true}'
++Rcv decoded: fin=1 opcode=1 data=b'{"e":"trade","E":1734647299069,"s":"BTCUSDT","t":4307313834,"p":"97806.67000000","q":"0.00006000","T":1734647299068,"m":false,"M":true}'
++Rcv raw: b'\x81~\x00\x87{"e":"trade","E":1734647299069,"s":"BTCUSDT","t":4307313835,"p":"97806.67000000","q":"0.00008000","T":1734647299068,"m":false,"M":true}'
++Rcv decoded: fin=1 opcode=1 data=b'{"e":"trade","E":1734647299069,"s":"BTCUSDT","t":4307313835,"p":"97806.67000000","q":"0.00008000","T":1734647299068,"m":false,"M":true}'
++Rcv raw: b'\x81~\x00\x87{"e":"trade","E":1734647299069,"s":"BTCUSDT","t":4307313836,"p":"97806.67000000","q":"0.00039000","T":1734647299068,"m":false,"M":true}'
++Rcv decoded: fin=1 opcode=1 data=b'{"e":"trade","E":1734647299069,"s":"BTCUSDT","t":4307313836,"p":"97806.67000000","q":"0.00039000","T":1734647299068,"m":false,"M":true}'
++Rcv raw: b'\x81~\x00\x87{"e":"trade","E":1734647299069,"s":"BTCUSDT","t":4307313837,"p":"97806.67000000","q":"0.00061000","T":1734647299068,"m":false,"M":true}'
++Rcv decoded: fin=1 opcode=1 data=b'{"e":"trade","E":1734647299069,"s":"BTCUSDT","t":4307313837,"p":"97806.67000000","q":"0.00061000","T":1734647299068,"m":false,"M":true}'
++Rcv raw: b'\x81~\x00\x87{"e":"trade","E":1734647299069,"s":"BTCUSDT","t":4307313838,"p":"97806.67000000","q":"0.00071000","T":1734647299068,"m":false,"M":true}'
++Rcv decoded: fin=1 opcode=1 data=b'{"e":"trade","E":1734647299069,"s":"BTCUSDT","t":4307313838,"p":"97806.67000000","q":"0.00071000","T":1734647299068,"m":false,"M":true}'
++Rcv raw: b'\x81~\x00\x87{"e":"trade","E":1734647299069,"s":"BTCUSDT","t":4307313839,"p":"97806.67000000","q":"0.00007000","T":1734647299068,"m":false,"M":true}'
++Rcv decoded: fin=1 opcode=1 data=b'{"e":"trade","E":1734647299069,"s":"BTCUSDT","t":4307313839,"p":"97806.67000000","q":"0.00007000","T":1734647299068,"m":false,"M":true}'
++Rcv raw: b'\x81~\x00\x87{"e":"trade","E":1734647299069,"s":"BTCUSDT","t":4307313840,"p":"97806.67000000","q":"0.00007000","T":1734647299068,"m":false,"M":true}'
++Rcv decoded: fin=1 opcode=1 data=b'{"e":"trade","E":1734647299069,"s":"BTCUSDT","t":4307313840,"p":"97806.67000000","q":"0.00007000","T":1734647299068,"m":false,"M":true}'
++Rcv raw: b'\x81~\x00\x87{"e":"trade","E":1734647299069,"s":"BTCUSDT","t":4307313841,"p":"97806.67000000","q":"0.00007000","T":1734647299068,"m":false,"M":true}'
++Rcv decoded: fin=1 opcode=1 data=b'{"e":"trade","E":1734647299069,"s":"BTCUSDT","t":4307313841,"p":"97806.67000000","q":"0.00007000","T":1734647299068,"m":false,"M":true}'
++Rcv raw: b'\x81~\x00\x87{"e":"trade","E":1734647299069,"s":"BTCUSDT","t":4307313842,"p":"97806.67000000","q":"0.00008000","T":1734647299068,"m":false,"M":true}'
++Rcv decoded: fin=1 opcode=1 data=b'{"e":"trade","E":1734647299069,"s":"BTCUSDT","t":4307313842,"p":"97806.67000000","q":"0.00008000","T":1734647299068,"m":false,"M":true}'
++Rcv raw: b'\x81~\x00\x87{"e":"trade","E":1734647299069,"s":"BTCUSDT","t":4307313843,"p":"97806.67000000","q":"0.00008000","T":1734647299068,"m":false,"M":true}'
++Rcv decoded: fin=1 opcode=1 data=b'{"e":"trade","E":1734647299069,"s":"BTCUSDT","t":4307313843,"p":"97806.67000000","q":"0.00008000","T":1734647299068,"m":false,"M":true}'
++Rcv raw: b'\x81~\x00\x87{"e":"trade","E":1734647299069,"s":"BTCUSDT","t":4307313844,"p":"97806.67000000","q":"0.00008000","T":1734647299068,"m":false,"M":true}'
++Rcv decoded: fin=1 opcode=1 data=b'{"e":"trade","E":1734647299069,"s":"BTCUSDT","t":4307313844,"p":"97806.67000000","q":"0.00008000","T":1734647299068,"m":false,"M":true}'
++Rcv raw: b'\x81~\x00\x87{"e":"trade","E":1734647299069,"s":"BTCUSDT","t":4307313845,"p":"97806.67000000","q":"0.00008000","T":1734647299068,"m":false,"M":true}'
++Rcv decoded: fin=1 opcode=1 data=b'{"e":"trade","E":1734647299069,"s":"BTCUSDT","t":4307313845,"p":"97806.67000000","q":"0.00008000","T":1734647299068,"m":false,"M":true}'
++Rcv raw: b'\x81~\x00\x87{"e":"trade","E":1734647299069,"s":"BTCUSDT","t":4307313846,"p":"97806.67000000","q":"0.00008000","T":1734647299068,"m":false,"M":true}'
++Rcv decoded: fin=1 opcode=1 data=b'{"e":"trade","E":1734647299069,"s":"BTCUSDT","t":4307313846,"p":"97806.67000000","q":"0.00008000","T":1734647299068,"m":false,"M":true}'
++Rcv raw: b'\x81~\x00\x87{"e":"trade","E":1734647299069,"s":"BTCUSDT","t":4307313847,"p":"97806.67000000","q":"0.00008000","T":1734647299068,"m":false,"M":true}'
++Rcv decoded: fin=1 opcode=1 data=b'{"e":"trade","E":1734647299069,"s":"BTCUSDT","t":4307313847,"p":"97806.67000000","q":"0.00008000","T":1734647299068,"m":false,"M":true}'
++Rcv raw: b'\x81~\x00\x87{"e":"trade","E":1734647299069,"s":"BTCUSDT","t":4307313848,"p":"97806.67000000","q":"0.00008000","T":1734647299068,"m":false,"M":true}'
++Rcv decoded: fin=1 opcode=1 data=b'{"e":"trade","E":1734647299069,"s":"BTCUSDT","t":4307313848,"p":"97806.67000000","q":"0.00008000","T":1734647299068,"m":false,"M":true}'
++Rcv raw: b'\x81~\x00\x87{"e":"trade","E":1734647299069,"s":"BTCUSDT","t":4307313849,"p":"97806.67000000","q":"0.00008000","T":1734647299068,"m":false,"M":true}'
++Rcv decoded: fin=1 opcode=1 data=b'{"e":"trade","E":1734647299069,"s":"BTCUSDT","t":4307313849,"p":"97806.67000000","q":"0.00008000","T":1734647299068,"m":false,"M":true}'
++Rcv raw: b'\x81~\x00\x87{"e":"trade","E":1734647299069,"s":"BTCUSDT","t":4307313850,"p":"97806.67000000","q":"0.00008000","T":1734647299068,"m":false,"M":true}'
++Rcv decoded: fin=1 opcode=1 data=b'{"e":"trade","E":1734647299069,"s":"BTCUSDT","t":4307313850,"p":"97806.67000000","q":"0.00008000","T":1734647299068,"m":false,"M":true}'
++Rcv raw: b'\x81~\x00\x87{"e":"trade","E":1734647299072,"s":"BTCUSDT","t":4307313851,"p":"97806.68000000","q":"0.00006000","T":1734647299072,"m":false,"M":true}'
++Rcv decoded: fin=1 opcode=1 data=b'{"e":"trade","E":1734647299072,"s":"BTCUSDT","t":4307313851,"p":"97806.68000000","q":"0.00006000","T":1734647299072,"m":false,"M":true}'
++Rcv raw: b'\x81~\x00\x86{"e":"trade","E":1734647299082,"s":"BTCUSDT","t":4307313852,"p":"97806.67000000","q":"0.04089000","T":1734647299081,"m":true,"M":true}'
++Rcv decoded: fin=1 opcode=1 data=b'{"e":"trade","E":1734647299082,"s":"BTCUSDT","t":4307313852,"p":"97806.67000000","q":"0.04089000","T":1734647299081,"m":true,"M":true}'
++Rcv raw: b'\x81~\x00\x87{"e":"trade","E":1734647299248,"s":"BTCUSDT","t":4307313853,"p":"97806.68000000","q":"0.00054000","T":1734647299248,"m":false,"M":true}'
++Rcv decoded: fin=1 opcode=1 data=b'{"e":"trade","E":1734647299248,"s":"BTCUSDT","t":4307313853,"p":"97806.68000000","q":"0.00054000","T":1734647299248,"m":false,"M":true}'
++Rcv raw: b'\x81~\x00\x87{"e":"trade","E":1734647299342,"s":"BTCUSDT","t":4307313854,"p":"97806.68000000","q":"0.00102000","T":1734647299342,"m":false,"M":true}'
++Rcv decoded: fin=1 opcode=1 data=b'{"e":"trade","E":1734647299342,"s":"BTCUSDT","t":4307313854,"p":"97806.68000000","q":"0.00102000","T":1734647299342,"m":false,"M":true}'
++Rcv raw: b'\x81~\x00\x86{"e":"trade","E":1734647299555,"s":"BTCUSDT","t":4307313855,"p":"97806.67000000","q":"0.00050000","T":1734647299555,"m":true,"M":true}'
++Rcv decoded: fin=1 opcode=1 data=b'{"e":"trade","E":1734647299555,"s":"BTCUSDT","t":4307313855,"p":"97806.67000000","q":"0.00050000","T":1734647299555,"m":true,"M":true}'
++Rcv raw: b'\x81~\x00\x87{"e":"trade","E":1734647299574,"s":"BTCUSDT","t":4307313856,"p":"97806.68000000","q":"0.01201000","T":1734647299574,"m":false,"M":true}'
++Rcv decoded: fin=1 opcode=1 data=b'{"e":"trade","E":1734647299574,"s":"BTCUSDT","t":4307313856,"p":"97806.68000000","q":"0.01201000","T":1734647299574,"m":false,"M":true}'
++Rcv raw: b'\x81~\x00\x87{"e":"trade","E":1734647299699,"s":"BTCUSDT","t":4307313857,"p":"97806.68000000","q":"0.00102000","T":1734647299698,"m":false,"M":true}'
++Rcv decoded: fin=1 opcode=1 data=b'{"e":"trade","E":1734647299699,"s":"BTCUSDT","t":4307313857,"p":"97806.68000000","q":"0.00102000","T":1734647299698,"m":false,"M":true}'
++Rcv raw: b'\x81~\x00\x86{"e":"trade","E":1734647299839,"s":"BTCUSDT","t":4307313858,"p":"97806.67000000","q":"0.01316000","T":1734647299838,"m":true,"M":true}'
++Rcv decoded: fin=1 opcode=1 data=b'{"e":"trade","E":1734647299839,"s":"BTCUSDT","t":4307313858,"p":"97806.67000000","q":"0.01316000","T":1734647299838,"m":true,"M":true}'
++Rcv raw: b'\x81~\x00\x87{"e":"trade","E":1734647299881,"s":"BTCUSDT","t":4307313859,"p":"97806.68000000","q":"0.00025000","T":1734647299881,"m":false,"M":true}'
++Rcv decoded: fin=1 opcode=1 data=b'{"e":"trade","E":1734647299881,"s":"BTCUSDT","t":4307313859,"p":"97806.68000000","q":"0.00025000","T":1734647299881,"m":false,"M":true}'
++Rcv raw: b'\x81~\x00\x86{"e":"trade","E":1734647300038,"s":"BTCUSDT","t":4307313860,"p":"97806.67000000","q":"0.02970000","T":1734647300038,"m":true,"M":true}'
++Rcv decoded: fin=1 opcode=1 data=b'{"e":"trade","E":1734647300038,"s":"BTCUSDT","t":4307313860,"p":"97806.67000000","q":"0.02970000","T":1734647300038,"m":true,"M":true}'
++Rcv raw: b'\x81~\x00\x87{"e":"trade","E":1734647300244,"s":"BTCUSDT","t":4307313861,"p":"97806.68000000","q":"0.00040000","T":1734647300244,"m":false,"M":true}'
++Rcv decoded: fin=1 opcode=1 data=b'{"e":"trade","E":1734647300244,"s":"BTCUSDT","t":4307313861,"p":"97806.68000000","q":"0.00040000","T":1734647300244,"m":false,"M":true}'
++Rcv raw: b'\x81~\x00\x86{"e":"trade","E":1734647300260,"s":"BTCUSDT","t":4307313862,"p":"97806.67000000","q":"0.00015000","T":1734647300260,"m":true,"M":true}'
++Rcv decoded: fin=1 opcode=1 data=b'{"e":"trade","E":1734647300260,"s":"BTCUSDT","t":4307313862,"p":"97806.67000000","q":"0.00015000","T":1734647300260,"m":true,"M":true}'
++Rcv raw: b'\x81~\x00\x86{"e":"trade","E":1734647300532,"s":"BTCUSDT","t":4307313863,"p":"97806.67000000","q":"0.00542000","T":1734647300532,"m":true,"M":true}'
++Rcv decoded: fin=1 opcode=1 data=b'{"e":"trade","E":1734647300532,"s":"BTCUSDT","t":4307313863,"p":"97806.67000000","q":"0.00542000","T":1734647300532,"m":true,"M":true}'
++Rcv raw: b'\x81~\x00\x86{"e":"trade","E":1734647300966,"s":"BTCUSDT","t":4307313864,"p":"97806.67000000","q":"0.00008000","T":1734647300965,"m":true,"M":true}'
++Rcv decoded: fin=1 opcode=1 data=b'{"e":"trade","E":1734647300966,"s":"BTCUSDT","t":4307313864,"p":"97806.67000000","q":"0.00008000","T":1734647300965,"m":true,"M":true}'
++Rcv raw: b'\x81~\x00\x86{"e":"trade","E":1734647301211,"s":"BTCUSDT","t":4307313865,"p":"97806.67000000","q":"0.09744000","T":1734647301210,"m":true,"M":true}'
++Rcv decoded: fin=1 opcode=1 data=b'{"e":"trade","E":1734647301211,"s":"BTCUSDT","t":4307313865,"p":"97806.67000000","q":"0.09744000","T":1734647301210,"m":true,"M":true}'
++Rcv raw: b'\x81~\x00\x86{"e":"trade","E":1734647301211,"s":"BTCUSDT","t":4307313866,"p":"97806.67000000","q":"0.00552000","T":1734647301210,"m":true,"M":true}'
++Rcv decoded: fin=1 opcode=1 data=b'{"e":"trade","E":1734647301211,"s":"BTCUSDT","t":4307313866,"p":"97806.67000000","q":"0.00552000","T":1734647301210,"m":true,"M":true}'
++Rcv raw: b'\x81~\x00\x86{"e":"trade","E":1734647301211,"s":"BTCUSDT","t":4307313867,"p":"97806.67000000","q":"0.00001000","T":1734647301210,"m":true,"M":true}'
++Rcv decoded: fin=1 opcode=1 data=b'{"e":"trade","E":1734647301211,"s":"BTCUSDT","t":4307313867,"p":"97806.67000000","q":"0.00001000","T":1734647301210,"m":true,"M":true}'
++Rcv raw: b'\x81~\x00\x86{"e":"trade","E":1734647301243,"s":"BTCUSDT","t":4307313868,"p":"97806.67000000","q":"0.00552000","T":1734647301243,"m":true,"M":true}'
++Rcv decoded: fin=1 opcode=1 data=b'{"e":"trade","E":1734647301243,"s":"BTCUSDT","t":4307313868,"p":"97806.67000000","q":"0.00552000","T":1734647301243,"m":true,"M":true}'
++Rcv raw: b'\x81~\x00\x86{"e":"trade","E":1734647301243,"s":"BTCUSDT","t":4307313869,"p":"97806.67000000","q":"0.00553000","T":1734647301243,"m":true,"M":true}'
++Rcv decoded: fin=1 opcode=1 data=b'{"e":"trade","E":1734647301243,"s":"BTCUSDT","t":4307313869,"p":"97806.67000000","q":"0.00553000","T":1734647301243,"m":true,"M":true}'
++Rcv raw: b'\x81~\x00\x86{"e":"trade","E":1734647301243,"s":"BTCUSDT","t":4307313870,"p":"97806.67000000","q":"0.00841000","T":1734647301243,"m":true,"M":true}'
++Rcv decoded: fin=1 opcode=1 data=b'{"e":"trade","E":1734647301243,"s":"BTCUSDT","t":4307313870,"p":"97806.67000000","q":"0.00841000","T":1734647301243,"m":true,"M":true}'
++Rcv raw: b'\x81~\x00\x86{"e":"trade","E":1734647301284,"s":"BTCUSDT","t":4307313871,"p":"97806.67000000","q":"0.02458000","T":1734647301284,"m":true,"M":true}'
++Rcv decoded: fin=1 opcode=1 data=b'{"e":"trade","E":1734647301284,"s":"BTCUSDT","t":4307313871,"p":"97806.67000000","q":"0.02458000","T":1734647301284,"m":true,"M":true}'
++Rcv raw: b'\x81~\x00\x87{"e":"trade","E":1734647301320,"s":"BTCUSDT","t":4307313872,"p":"97806.68000000","q":"0.03067000","T":1734647301319,"m":false,"M":true}'
++Rcv decoded: fin=1 opcode=1 data=b'{"e":"trade","E":1734647301320,"s":"BTCUSDT","t":4307313872,"p":"97806.68000000","q":"0.03067000","T":1734647301319,"m":false,"M":true}'

Stopping all strategies - Max drawdown hit: $-315.39
++Sent raw: b'\x88\x82B\x05\xf5jA\xed'
++Sent decoded: fin=1 opcode=8 data=b'\x03\xe8'
WebSocket connection closed

==================================================
TRADING SESSION SUMMARY
==================================================

ACCOUNT SUMMARY:
Initial Capital: $1,000.00
Final Capital:   $684.61
Total P&L:       $-315.39 (-31.54%)

TRADE STATISTICS:
Total Trades:     15
Winning Trades:   0 (0.0%)
Losing Trades:    15 (100.0%)
Break Even:       0

FEE ANALYSIS:
Total Fees:      $0.00
Avg Fee Impact:  0.000% per trade
Net P&L:         $-315.39 (after fees)

WORST TRADE:
Type:           LONG
Entry:          $97,804.89
Exit:           $97,804.88
P&L:            $-25.01 (-0.00%)
Exit Reason:    MA Crossover

==================================================
DETAILED TRADE HISTORY
==================================================

Trade #1:
Type:        LONG
Entry:       $97,804.89
Exit:        $97,804.88
Raw P&L:     0.00%
Fees:        $0.00 (0.000%)
Net P&L:     $-25.01 (0.00%)
Error in strategy manager: 'entry_rsi'
